5575 6342
1110 809 1169 865 lui).
1187 808 1209 863 I.
1236 808 1348 863 Cometa
1364 807 1429 862 anni
1450 806 1528 864 1607.
1954 806 1997 874 57

636 992 732 1066 EOI',
762 989 841 1051 EGI*
872 997 941 1050 sunt
967 987 1116 1065 aequales.
1162 985 1221 1048 Sed
1243 984 1322 1046 EGF
1351 993 1397 1045 est
1425 1002 1561 1046 mensura
1583 992 1679 1046 motus
1702 985 1796 1045 diurni
1819 987 1996 1064 apparentis,

635 1088 668 1141 et
690 1079 715 1139 Ο
738 1087 784 1139 cst
806 1087 945 1157 puuctum
967 1079 996 1136 in
1018 1078 1151 1156 portione
1174 1074 1353 1150 traiectionis
1374 1072 1496 1134 diurnae
1513 1074 1584 1133 DB:
1608 1080 1690 1150 patet
1711 1091 1780 1152 ergo
1803 1075 1994 1151 propositum.

1169 1239 1361 1311 Tueorems
1389 1236 1469 1308 vni.

749 1357 846 1417 Terra
866 1363 1005 1417 versante
1026 1360 1061 1416 in
1079 1356 1178 1431 plano
1200 1356 1396 1426 traiectionis,
1422 1353 1587 1426 traiiciens,
1610 1350 1757 1428 siquidem
1774 1369 1877 1413 uersus
1890 1354 1995 1413 sectio-

634 1464 691 1506 nes
712 1453 763 1518 est,
786 1445 876 1505 habet
896 1444 1023 1504 eandem
1045 1461 1116 1503 cum
1137 1445 1266 1503 sectione
1288 1440 1483 1500 altitudinem
1498 1457 1519 1498 a
1533 1446 1634 1501 centra
1654 1439 1784 1514 Parme,-
1814 1440 1909 1499 Terra
1927 1458 1997 1499 nero

635 1541 726 1595 extro
748 1532 882 1608 planum
905 1534 1091 1606 traiectionis
1112 1537 1267 1603 anaante,
1300 1530 1458 1604 trajiciens
1479 1534 1536 1586 aut
1557 1543 1655 1602 supro
1676 1531 1834 1587 sectionem
1856 1536 1913 1607 est,
1942 1535 1999 1587 aut

637 1640 672 1681 m
705 1640 736 1680 a.

671 1623 705 1700 fr
743 1706 820 1766 Nam
842 1722 895 1783 per
918 1705 987 1765 VII.
1011 1704 1138 1782 angulus
1161 1709 1258 1763 motus
1281 1699 1376 1761 diurni
1391 1700 1480 1776 EGF,
1504 1701 1560 1761 hoc
1575 1707 1620 1760 est
1635 1703 1783 1775 sectionis,
1806 1711 1915 1778 aequat
1930 1709 1999 1763 tunc

638 1795 714 1855 EGF
738 1794 896 1872 angulum,
927 1795 978 1871 qui
1001 1793 1038 1852 ad
1062 1799 1203 1870 punctum
1225 1788 1430 1849 intermedium
1453 1789 1477 1848 C
1500 1789 1681 1865 traiectionis
1705 1789 1825 1850 diurnae
1849 1789 1902 1848 1)ss
1926 1806 1999 1849 con-

637 1885 777 1942 stituitur.
824 1881 877 1940 Est
905 1889 1003 1940 autem
1033 1881 1081 1940 hio
1111 1878 1237 1957 angulus
1261 1874 1339 1934 EGI'
1368 1880 1499 1955 proxime
1526 1876 1610 1936 illum
1638 1876 1780 1953 angulum
1803 1876 1894 1950 ECF,
1929 1877 1999 1954 quia

638 1970 727 2047 plana
751 1972 901 2029 visionum
923 1966 987 2041 ΕΙ),
1011 1968 1062 2026 FB
1087 1974 1116 2027 et
1138 1965 1318 2042 traiectionis
1334 1965 1388 2024 AB
1411 1972 1560 2042 ponuntur
1575 1981 1753 2024 concurrere.
1791 1962 1888 2024 Sentio
1910 1966 2000 2042 igitur

638 2058 729 2117 habet
752 2056 875 2118 eandem
899 2054 1083 2115 altitudinem
1106 2054 1328 2131 cumportione
1351 2053 1456 2113 diurna
1479 2052 1675 2127 traiectionis,
1699 2052 1756 2112 hoc
1776 2060 1821 2113 est
1843 2070 1909 2113 cum
1932 2070 1997 2113 eor·

638 2162 709 2221 pore
732 2144 905 2221 trajiciente.
951 2141 1127 2221 Oppositum
1149 2159 1202 2219 per
1223 2157 1256 2200 se
1278 2145 1361 2216 patet
1383 2157 1419 2199 ex
1442 2138 1635 2200 antecedenti.

744 2242 1020 2300 corollarium.
1056 2243 1145 2297 Terra
1161 2242 1189 2296 in
1207 2241 1289 2311 plano
1305 2240 1475 2310 traiectionis
1488 2245 1625 2308 versante,
1644 2253 1679 2295 ex
1691 2238 1752 2295 Ioco
1765 2239 1824 2295 uiso
1836 2240 1998 2310 trajicientis

640 2324 719 2380 datur
738 2324 809 2380 situs
827 2322 905 2394 plani
921 2321 1082 2392 trajectorii.

1182 2419 1373 2491 theorema
1401 2418 1453 2489 ix.
1539 2496 1542 2501 ,

743 2544 827 2605 Dato
855 2544 970 2606 diurno
998 2546 1176 2619 trajicientis
1206 2551 1234 2603 et
1260 2543 1502 2620 coniiqurotione
1525 2561 1594 2603 cum
1617 2543 1700 2615 Sole,
1729 2548 1755 2604 si
1783 2544 1878 2605 Terra
1901 2554 1942 2605 est
1964 2549 1998 2606 in

642 2635 733 2708 plasm
756 2636 944 2705 traiectionis
965 2640 994 2692 et
1015 2635 1170 2707 trajiciens
1192 2648 1295 2691 veresas
1316 2634 1485 2705 sectionem,
1509 2628 1604 2691 datur
1625 2633 1754 2693 altitudo
1777 2636 1955 2702 trajicientis
1977 2651 1999 2692 o

647 2727 741 2782 cantro
767 2720 888 2780 Terrae.

743 2808 819 2869 Nam
843 2807 912 2868 dato
936 2806 1039 2866 diurno
1062 2807 1235 2883 trajicientis
1257 2813 1286 2864 et
1309 2804 1540 2882 configuratione
1563 2823 1629 2866 cum
1652 2806 1736 2879 Sole,
1767 2807 1852 2866 datur
1874 2805 1998 2867 altitudo

653 2897 778 2954 sectionis
800 2913 854 2973 por
869 2896 907 2954 V.
947 2897 987 2954 rit
1008 2897 1033 2954 si
1056 2895 1146 2954 Terra
1168 2894 1263 2954 estin
1286 2892 1375 2969 plano
1390 2895 1580 2970 traiectionis,
1603 2895 1751 2971 trajiciens
1768 2895 1857 2956 norbet
1874 2893 1996 2957 candem

657 2999 709 3043 mm
729 2985 860 3045 sectione
882 2981 1067 3043 altitudinem
1090 3000 1142 3061 per
1164 2982 1205 3041 th.
1228 2979 1313 3039 VIII.
1361 2979 1437 3056 Ergo
1460 3024 1468 3041 .
1494 3027 1500 3040 .
1525 3024 1533 3041 .

1189 3126 1377 3198 Theorema
1406 3125 1444 3198 Χ.

747 3250 883 3331 Quando
908 3246 1004 3310 Terra
1027 3253 1138 3310 tramit
1155 3251 1290 3327 planum
1315 3253 1517 3327 traiectionis,
1548 3255 1623 3313 situs
1645 3253 1825 3326 trajicientis
1846 3260 1873 3312 et
1893 3255 1997 3314 sectio·

661 3354 718 3399 uum
736 3346 969 3416 permutantur.
1616 3384 1623 3402 .

743 3426 820 3486 Nam
841 3443 894 3504 per
916 3431 1077 3486 assumtum
1098 3430 1126 3484 2.
1151 3426 1285 3502 traiectio
1309 3434 1353 3486 est
1376 3443 1435 3486 uns
1458 3431 1553 3485 reeta:
1577 3428 1602 3485 si
1625 3443 1703 3502 ergo,
1728 3432 1885 3503 antequam
1908 3427 1999 3487 Terra

662 3514 723 3573 reuit
742 3515 780 3575 ad
802 3513 924 3592 planum
947 3514 1147 3590 traiectionis,
1180 3512 1327 3589 trajiciens
1357 3521 1401 3572 cst
1424 3513 1499 3573 inira
1521 3515 1684 3587 sectiones,
1715 3521 1745 3573 ct
1768 3515 1885 3591 quaudo
1909 3514 2000 3577 Tarra
2055 3537 2059 3545 ·

661 3600 743 3661 incidit
764 3604 794 3660 iu
817 3601 948 3679 planum,
973 3600 1120 3677 trajiciens
1142 3598 1245 3660 incidit
1267 3603 1297 3659 in
1319 3603 1479 3661 sectionem
1495 3619 1546 3679 per
1560 3600 1644 3671 VIII,
1670 3601 1701 3661 nt
1718 3604 1807 3679 igitur
1820 3603 1907 3662 altior
1921 3602 2000 3664 linea

659 3691 795 3762 posteriori
820 3697 960 3766 tempore.
998 3686 1095 3765 Quare
1119 3696 1148 3751 et
1169 3694 1326 3766 postquam
1342 3688 1433 3749 Terra
1451 3690 1514 3765 iam
1537 3691 1689 3766 superauit
1710 3690 1768 3750 hoc
1790 3689 1920 3766 pianum,
1943 3689 1999 3750 ad-

660 3773 703 3835 lnrc
724 3780 775 3836 crit
798 3779 827 3835 iu
852 3777 944 3837 ultum
966 3775 1133 3853 productior
1154 3775 1233 3836 linea
1255 3784 1285 3837 et
1307 3785 1376 3836 tuno
1399 3795 1488 3854 snpra
1506 3778 1660 3836 sectiones.
1700 3776 1885 3837 Contrarium
1901 3779 1998 3855 igitur,

660 3864 807 3925 sicomcta
829 3867 868 3923 sit
890 3866 974 3924 initio
997 3881 1086 3939 supra
1107 3866 1276 3936 sectionem,
1301 3866 1355 3925 erit
1378 3867 1455 3923 enim
1478 3871 1545 3941 post
1567 3864 1649 3924 inira.
1688 3863 1722 3922 In
1745 3865 1892 3925 schcmate
1910 3868 1938 3925 3.
1962 3868 2001 3926 sit

659 3952 810 4028 nsiectoria
831 3951 906 4027 VII,
938 3951 1078 4029 quamdiu
1110 3953 1197 4028 igitur
1219 3952 1310 4012 Terra
1343 3961 1388 4012 eet
1420 3955 1449 4010 in
1481 3953 1615 4030 portione
1648 3954 1758 4012 itineris
1781 3953 1852 4026 EV,
1886 3961 2002 4013 cometa

658 4047 798 4118 utsupra
819 4043 967 4100 sectiones
990 4064 1019 4112 a,
1042 4040 1070 4116 β,
1093 4063 1115 4117 7,
1140 4045 1165 4113 d,
1190 4057 1218 4112 s;
1248 4040 1299 4099 sed
1328 4048 1485 4117 postquam
1507 4039 1597 4098 'Iena
1627 4042 1777 4117 superavit
1804 4040 2000 4116 trajectoriam

657 4124 711 4203 III,
732 4145 856 4189 remens
878 4130 908 4188 in
930 4128 1064 4207 portione
1080 4126 1142 4203 VF,
1165 4130 1313 4189 sectiones
1331 4129 1394 4205 iarn
1412 4136 1480 4187 suut
1496 4126 1572 4187 uitra
1588 4135 1741 4197 cometam,
1767 4130 1886 4202 utini,
1909 4154 1929 4204 μ
1945 4137 1999 4189 ote.

1185 4274 1375 4345 Theorems
1404 4274 1457 4346 XI.

748 4397 828 4459 Oum
851 4400 1006 4473 maliacus
1028 4417 1064 4459 ex
1086 4399 1197 4460 directo
1216 4400 1314 4478 inerit
1333 4401 1452 4478 iactum
1475 4402 1695 4460 stationarium
1718 4400 1883 4461 secundum
1899 4401 2001 4477 lonqi-

650 4484 778 4545 tudinem
801 4492 830 4544 cl
850 4486 1077 4565 retroqradum,
1101 4489 1146 4547 uel
1168 4496 1276 4547 contra
1297 4506 1334 4548 ea
1356 4489 1536 4564 retroqrado
1557 4491 1775 4548 stationarium
1791 4497 1819 4546 et
1833 4489 2001 4548 directum:

648 4573 788 4650 siquidem
812 4576 901 4635 initio
923 4590 1021 4649 supra
1042 4578 1182 4635 sectiones
1201 4576 1306 4652 fuerit,
1329 4583 1404 4636 tunc
1417 4594 1530 4637 neccsse
1545 4584 1595 4651 est,
1624 4575 1752 4635 Terram
1767 4578 1831 4643 iam
1846 4593 2002 4654 superasse

644 4661 773 4735 planum
796 4663 993 4734 traiectionis.

744 4748 823 4808 Nam
845 4748 987 4826 quamdiu
1011 4755 1108 4808 motus
1130 4758 1254 4827 apparet
1275 4748 1408 4827 ejusdem
1430 4753 1554 4828 speciei,
1584 4748 1711 4810 directus
1734 4751 1782 4811 vel
1805 4749 2000 4826 retrogradus,

646 4835 755 4896 tamdiu
777 4836 811 4895 fit
832 4838 925 4897 sectio
948 4836 997 4895 vel
1020 4839 1050 4895 in
1074 4856 1142 4912 una,
1168 4838 1215 4898 sel
1237 4841 1267 4896 in
1290 4837 1384 4897 altera
1405 4838 1504 4915 plaga,
1527 4857 1580 4915 per
1603 4838 1644 4899 th.
1662 4837 1718 4897 III.
1757 4837 1831 4897 Cum
1850 4854 1920 4898 vero
1935 4856 2001 4897 mo·

646 4935 687 4983 tus
718 4936 867 5002 apparens
895 4926 1047 4984 evanescit
1074 4927 1102 4982 in
1131 4929 1302 4995 stationem,
1335 4934 1406 4985 tnnc
1435 4935 1531 4986 cessat
1557 4925 1619 4986 fieri
1650 4927 1743 4988 sectio
1772 4924 1904 5001 aplaga
1933 4944 2000 4985 nna.

646 5010 714 5071 Cum
737 5018 923 5089 permutatur
945 5014 1091 5072 connatis
1113 5015 1211 5091 specie
1235 5022 1341 5082 motus,
1366 5016 1458 5072 scatio
1481 5012 1559 5073 cedit
1581 5017 1611 5072 iu
1633 5014 1751 5090 plagam
1775 5016 1948 5073 contrariam
1973 5023 2002 5073 et

645 5116 678 5157 er
698 5107 784 5179 perte
808 5098 982 5174 trajicientis
1005 5098 1203 5159 divaricautur
1225 5101 1314 5179 plana
1338 5102 1456 5160 visoria.
1504 5102 1543 5158 At
1565 5119 1616 5178 per
1639 5102 1715 5160 idom
1738 5100 1802 5173 III,
1827 5117 1891 5160 curn
1913 5102 2002 5179 plana

644 5203 673 5247 se
695 5193 807 5260 secant,
831 5189 1007 5247 contrariam
1029 5204 1118 5265 supra
1140 5192 1287 5247 sectiones
1309 5187 1449 5247 incedunt
1469 5190 1565 5257 viam,
1593 5207 1681 5264 quam
1704 5206 1770 5249 omn
1793 5187 1999 5248 divaricantur.

647 5273 687 5335 Es
707 5292 782 5336 sero
804 5277 961 5339 conversio
983 5292 1084 5338 cursus
1107 5292 1168 5337 uon
1190 5286 1235 5338 est
1257 5293 1294 5337 ex
1317 5275 1497 5355 trajiciente,
1528 5277 1598 5353 quia
1621 5294 1672 5356 per
1694 5283 1857 5339 assumtum
1881 5282 1910 5338 2.
1938 5282 2002 5337 tro·
