5575 6342
1134 761 1194 819 Lib.
1213 762 1249 820 tt
1285 764 1456 819 cometarum
1474 762 1658 834 Physiologia.
2014 766 2077 835 115

716 944 845 1017 mdora,
868 942 950 1020 quod
972 950 1078 1021 spreta.
1124 942 1311 1006 contemtum
1334 945 1412 1004 enim
1434 946 1494 1018 sui,
1517 943 1576 1021 legi
1599 938 1657 1003 Dei
1679 949 1709 1003 et
1731 940 1880 1004 doctrinae
1902 944 2077 1007 christianae

716 1038 960 1102 consentaneum,
983 1046 1042 1090 non
1057 1031 1152 1091 lerunt
1167 1033 1215 1090 isti
1231 1033 1359 1110 spiritus,
1375 1030 1427 1091 sed
1442 1032 1558 1109 lugiunt
1572 1039 1602 1091 et
1617 1032 1825 1092 conticescunt.
1863 1030 1936 1091 Cum
1952 1033 2078 1093 mendax

717 1117 769 1179 ille
800 1119 841 1177 ab
868 1120 953 1178 initio
975 1117 1032 1177 hoc
1055 1116 1152 1177 adhuc
1173 1118 1295 1178 haberet
1316 1137 1335 1179 a
1358 1119 1438 1192 Deo,
1472 1128 1505 1179 ut
1526 1119 1608 1196 loqui
1630 1136 1682 1197 per
1704 1119 1845 1179 animalia
1866 1128 1967 1199 posset
1989 1129 2019 1180 et
2041 1137 2078 1178 ex

716 1214 855 1283 serpente
882 1205 1050 1283 loqueretur
1072 1205 1171 1279 Evae,
1202 1204 1319 1266 seduxit
1339 1223 1432 1282 genus
1455 1207 1624 1267 humanum.
1670 1206 1753 1266 Idem
1776 1210 1869 1268 tenuit
1892 1225 1992 1268 eorum
2014 1225 2078 1267 mos
2188 1278 2192 1287 ⁸

717 1293 878 1353 hactenns:
912 1295 1028 1369 quoties
1051 1294 1122 1369 ipsis
1146 1293 1225 1352 lacta
1246 1301 1378 1372 potestas
1401 1302 1459 1367 est,
1492 1312 1545 1355 seu
1569 1311 1643 1353 voce
1664 1311 1717 1353 seu
1740 1294 2003 1371 significationibus
2026 1312 2078 1374 per

717 1380 891 1439 animalium
920 1395 1043 1457 corpora
1071 1388 1227 1455 motusque
1256 1380 1395 1457 loquendi
1425 1399 1492 1441 eum
1522 1382 1701 1455 bominibus,
1736 1383 1821 1442 abusi
1850 1383 1906 1442 bae
1933 1389 2078 1461 potestate

719 1466 840 1526 divinos
855 1466 951 1527 cultus
962 1476 1128 1546 rapuerunt,
1145 1471 1265 1527 miseros
1276 1468 1410 1528 homines
1426 1468 1615 1530 seduxerunt.
1647 1468 1732 1528 Haec
1743 1471 1832 1546 igitur
1846 1473 1902 1529 etsi
1913 1470 2079 1547 justissime

719 1573 809 1615 causa
838 1555 910 1627 luit,
944 1571 995 1613 cur
1018 1554 1150 1614 Christus
1181 1555 1341 1615 adveniens
1372 1555 1535 1616 destmeret
1565 1574 1654 1635 opera
1685 1556 1811 1631 diaboli,
1842 1566 1872 1617 et
1899 1556 1930 1616 hi
1958 1559 2078 1636 spiritus

718 1646 918 1702 conticescere
937 1642 1014 1718 jussi
1037 1659 1150 1718 suaque
1173 1642 1295 1719 templs,
1324 1651 1452 1717 statuas,
1482 1644 1581 1717 lucos,
1612 1662 1718 1720 specus
1740 1644 1876 1722 adeoque
1898 1652 2003 1704 terrum
2028 1645 2077 1703 diu

718 1748 890 1807 possessam
913 1732 1087 1803 amiserunt,
1110 1738 1208 1790 tamen
1231 1733 1342 1807 passim
1364 1733 1393 1789 iu
1417 1733 1519 1791 vacuis
1541 1732 1621 1792 auris
1643 1735 1777 1791 restitant
1798 1735 2001 1808 permissuque
2021 1732 2076 1791 Dei

719 1817 865 1878 interdurn
896 1825 1082 1893 grassantur,
1116 1835 1205 1895 saepe
1237 1819 1325 1877 etiam
1357 1817 1474 1878 lictores
1498 1819 1554 1878 Dei
1577 1827 1664 1894 sunt,
1698 1822 1757 1896 ipsi
1786 1819 1870 1893 mali,
1906 1836 2012 1895 saepe,
2045 1827 2078 1878 ut

719 1904 847 1965 infidelis
870 1902 1184 1974 Bistam-bominibus
1207 1924 1225 1965 a
1248 1906 1314 1966 Deo
1337 1908 1475 1965 nunciare
1494 1906 1644 1982 jubentur.
1799 1894 1804 1903 ’

824 1994 925 2068 Atque
947 1991 996 2051 bic
1018 2000 1134 2068 tempus
1155 2000 1214 2067 est,
1248 2001 1282 2052 ut
1303 1992 1342 2052 ad
1365 1992 1395 2052 id
1417 2001 1562 2068 revertar,
1592 1993 1676 2070 eujus
1699 2009 1790 2053 cansa
1812 1994 1895 2054 initio
1918 2011 1984 2054 sum
2006 2010 2077 2054 usus

719 2078 855 2157 exemplo
877 2081 1013 2156 piscium.

824 2166 899 2227 Cete
921 2176 1043 2227 naturae
1066 2184 1133 2244 pars
1157 2173 1217 2241 est,
1240 2183 1333 2244 genus
1356 2168 1466 2243 quippe
1490 2165 1668 2239 animalium,
1692 2166 1776 2243 cujus
1800 2170 1913 2227 vitain
1936 2171 2078 2229 immensa

722 2256 825 2315 oceani
850 2254 1042 2333 amplitudine
1058 2263 1112 2327 est,
1134 2262 1215 2314 ortus
1236 2271 1306 2313 vero
1330 2253 1468 2314 indidem.
1506 2253 1564 2313 Tot
1587 2257 1664 2313 enim
1688 2253 1819 2330 quotidie
1843 2272 1922 2315 nova
1944 2257 2080 2315 visuntur

720 2351 860 2415 monstra,
885 2350 991 2401 utnon
1006 2344 1044 2400 sit
1060 2342 1227 2414 verisimile,
1252 2359 1352 2400 omnes
1367 2344 1482 2418 species
1503 2358 1603 2401 eorum
1619 2344 1702 2402 initio
1725 2342 1812 2402 simul
1828 2350 1940 2402 creatas
1955 2342 2077 2419 soleque

721 2428 935 2490 consuetudine
964 2431 1052 2488 maris
1083 2436 1113 2488 et
1139 2428 1274 2489 femellae
1304 2428 1456 2505 hucusque
1479 2437 1673 2505 propagatas,
1708 2432 1802 2506 magis
1826 2431 1903 2489 enim
1926 2427 2079 2505 αὐτοματι

721 2517 871 2590 animalia,
897 2525 930 2576 ut
952 2514 1090 2576 crocodili
1113 2516 1231 2592 aliaque
1254 2518 1367 2576 insecta
1386 2515 1531 2575 videntur.
1568 2515 1673 2592 Itaque
1696 2516 1814 2593 quidam
1838 2534 1980 2577 oceanum
2002 2526 2079 2577 recte

721 2614 918 2664 monstrorum
939 2613 1053 2681 patrem
1077 2602 1241 2682 appellant;
1265 2606 1293 2663 in
1317 2603 1394 2663 huuc
1418 2606 1494 2664 euim
1516 2602 1603 2663 linem
1626 2605 1709 2663 initio
1733 2604 1866 2664 conditus
1890 2614 1943 2677 est,
1968 2613 2000 2663 nt
2023 2607 2080 2663 ists

723 2695 803 2752 varia
819 2700 851 2752 ei
869 2690 1003 2769 quotidie
1018 2708 1098 2751 nova
1112 2698 1241 2751 monstra
1255 2690 1438 2767 produceret.
1472 2698 1544 2763 (Gon.
1557 2699 1576 2750 1.
1592 2699 1817 2761 ›producathrra
1830 2713 2007 2759 omnigenus«
2023 2697 2080 2764 oto.)

826 2777 912 2840 Haec
945 2782 999 2841 etsi
1032 2782 1073 2838 ita
1103 2778 1229 2852 habent,
1263 2787 1360 2838 tamen
1391 2780 1417 2837 si
1446 2779 1563 2855 quando
1594 2787 1759 2838 monstrosa
1787 2777 1956 2855 huiusmodi
1987 2778 2079 2840 moles

723 2867 858 2927 aberrem
888 2866 1025 2926 litoribus
1047 2865 1208 2926 intenditur
1230 2874 1259 2926 et
1282 2869 1480 2943 reciprocante
1503 2875 1587 2928 aestu
1610 2865 1778 2926 destituitur
1800 2867 1829 2925 in
1852 2869 1946 2940 sicco,
1981 2885 2027 2926 res
2050 2869 2079 2925 in

725 2971 805 3014 omen
824 2956 978 3032 accipitur,
1002 2963 1031 3015 et
1047 2963 1170 3028 constat,
1194 2953 1265 3013 talia
1285 2956 1379 3029 sequi,
1403 2971 1479 3030 quae
1503 2953 1708 3030 significationi
1733 2951 1775 3011 illi
1799 2952 2080 3014 verisimilitudinem

725 3041 887 3104 concilient
933 3041 1025 3118 Atqui
1047 3041 1119 3101 nilril
1142 3041 1246 3101 horum
1269 3049 1384 3101 constat
1407 3043 1462 3117 ipsi
1484 3043 1573 3119 pisci,
1598 3059 1653 3101 nec
1676 3044 1704 3097 in
1728 3059 1815 3117 quarn
1838 3043 2002 3118 regionem,
2025 3059 2080 3101 nec

725 3128 791 3205 qnid
816 3130 989 3189 nunciatum
1005 3128 1166 3204 advenerit,
1190 3130 1259 3206 quin
1282 3131 1381 3205 potius
1405 3129 1527 3204 quaerit,
1551 3146 1611 3205 qua
1633 3128 1741 3189 evadat
1762 3127 1962 3205 liberatusque
1984 3131 2080 3189 arenis

726 3216 844 3276 humido
868 3216 1014 3277 elemento
1029 3219 1167 3294 potiatur,
1191 3224 1223 3275 ut
1240 3219 1332 3276 vitam
1356 3225 1472 3276 tueatur
1487 3234 1581 3277 suram.
1618 3216 1723 3292 Itaque
1748 3216 1923 3277 invisibilem
1946 3219 2080 3295 spiritum

726 3311 836 3380 oportet
864 3321 947 3378 esse,
981 3305 1030 3382 qui
1054 3306 1165 3380 piscem
1188 3306 1216 3362 in
1239 3304 1313 3364 haec
1336 3304 1431 3363 illexit
1452 3303 1552 3378 litora,
1584 3310 1618 3362 ut
1640 3312 1691 3362 aut
1715 3305 1776 3380 ipsc
1799 3306 1940 3381 permissu
1964 3304 2022 3363 Dei
2044 3321 2080 3364 ea

728 3409 754 3450 re
776 3392 962 3465 hominibus,
997 3410 1072 3468 quae
1097 3392 1176 3458 vult.
1206 3392 1365 3466 significet,
1400 3409 1464 3451 cnm
1489 3391 1672 3468 exploratum
1695 3389 1817 3464 lrabeat,
1847 3408 1905 3451 non
1931 3391 2080 3451 defuturos

727 3481 961 3557 superstitiosos,
995 3481 1045 3555 qui
1076 3479 1362 3556 praesignificatione
1397 3488 1426 3538 et
1460 3479 1617 3556 sortilegiis
1650 3478 1843 3552 delectentur,
1878 3488 1928 3538 aut
1959 3478 2080 3556 speciali

727 3567 862 3626 mandato
888 3567 945 3626 Dei
967 3566 1023 3626 hac
1046 3569 1074 3623 in
1099 3584 1129 3625 re
1152 3574 1263 3643 pareat
1310 3564 1366 3641 Qui
1390 3565 1476 3625 fidem
1500 3568 1591 3625 sacris
1615 3564 1736 3624 adhibet
1758 3564 1902 3641 historiis,
1936 3567 1985 3626 ille
2008 3569 2080 3625 novi
2136 3590 2139 3604 ι

728 3661 773 3713 aut
795 3653 918 3713 absurdi
941 3653 1013 3712 nihil
1038 3653 1132 3727 audit,
1155 3655 1198 3713 sic
1221 3655 1297 3713 enim
1320 3653 1443 3729 angelus
1465 3653 1523 3712 Dei
1545 3653 1670 3713 Bileami
1693 3655 1805 3712 asinam
1828 3653 1910 3730 loqui
1932 3656 2013 3729 lecit,
2035 3656 2078 3714 sic

728 3739 858 3801 diabolus
881 3748 1056 3817 serpentem.

825 3827 972 3905 Equidem
1001 3826 1169 3904 hujusmodi
1198 3834 1333 3905 portenta
1362 3845 1451 3904 saepe
1479 3834 1538 3887 tarn
1568 3837 1636 3887 sunt
1663 3827 1824 3902 evidentia,
1860 3835 1893 3888 ut
1920 3826 1991 3885 nihil
2015 3834 2077 3887 arte

729 3915 924 3993 conjectandi,
958 3916 1030 3974 nihil
1059 3917 1266 3992 superstitione
1296 3915 1431 3975 credendi
1463 3933 1536 3994 opus
1564 3918 1611 3975 sit.
1656 3915 1694 3973 Et
1716 3915 1786 3991 quid
1809 3918 1834 3974 si
1857 3915 1938 3975 Deus
1962 3914 1998 3974 ad
2021 3915 2078 3974 hoc

731 4020 798 4081 opus
821 4001 1084 4064 extraordinarium
1106 4011 1137 4061 nt
1162 4020 1281 4080 corpus,
1313 4006 1356 4063 sic
1377 4002 1547 4062 facultatem
1572 4019 1689 4078 quoquc
1712 4020 1820 4061 novam
1843 4006 1964 4076 excitet,
2001 4020 2077 4078 quae

730 4090 820 4151 officio
835 4150 838 4157 ,
856 4090 995 4151 defunctu
1027 4108 1092 4150 cnm
1124 4089 1180 4150 hoc
1210 4106 1330 4169 corpore
1361 4108 1474 4150 rursum
1506 4100 1663 4150 evanescat
1696 4100 1725 4148 et
1754 4091 1782 4147 in
1813 4090 1936 4149 nihilum
1967 4089 2078 4149 abeat?

730 4176 774 4238 Sic
796 4181 873 4239 enim
897 4177 1075 4237 locustarum
1098 4180 1225 4254 agmina,
1249 4179 1291 4237 sic
1311 4180 1490 4238 coturnicum
1514 4180 1656 4237 exercitus
1681 4179 1809 4237 invenire
1833 4186 1988 4256 potuerunt
2012 4176 2078 4234 illos

730 4274 862 4326 terrarum
893 4273 1019 4339 tractus,
1053 4266 1160 4342 quibus
1189 4263 1343 4343 puniendis
1374 4265 1421 4325 vel
1448 4265 1624 4341 adjuvandis
1647 4283 1665 4323 a
1688 4266 1753 4324 Deo
1785 4264 1922 4325 destinati
1945 4266 2077 4338 luerunt;

728 4362 893 4431 certumque
915 4353 1027 4414 habent
1041 4353 1218 4432 philosophi,
1243 4355 1355 4413 animas
1370 4353 1612 4413 animalculorum
1635 4352 1737 4411 luorum
1753 4361 1783 4411 ct
1804 4352 1918 4411 incendi
1944 4352 1979 4411 do
2000 4369 2078 4410 novo

728 4448 753 4500 et
777 4459 892 4502 rursum
920 4443 1080 4518 exstingui,
1118 4448 1267 4500 ettamen
1290 4442 1352 4498 vita
1376 4441 1497 4500 durante
1520 4458 1573 4500 sno
1597 4442 1717 4499 rationis
1740 4440 1859 4500 modulo
1884 4439 1950 4499 duci
1973 4441 2002 4496 in
2025 4457 2079 4499 ex·

727 4528 879 4605 sequendis
908 4529 970 4588 suis
1000 4529 1115 4589 muniis.
1160 4528 1264 4604 Neque
1293 4530 1370 4587 enim
1401 4530 1443 4587 sio
1472 4537 1571 4606 portas
1603 4528 1683 4587 Deus
1715 4530 1828 4605 aperire
1856 4525 2003 4606 putandus
2035 4534 2079 4586 est

726 4616 995 4695 superstitionibus,
1029 4633 1095 4675 cum
1119 4613 1206 4692 juxta
1228 4616 1323 4691 legem
1346 4613 1471 4689 dederit,
1503 4633 1579 4693 quae
1604 4632 1707 4676 cavere
1726 4616 1813 4690 jubet
1835 4634 1854 4675 a
1875 4615 2078 4693 superstitioso

728 4704 829 4763 intuitu
852 4706 1003 4781 signorum
1025 4702 1210 4779 hujusmodi:
1245 4706 1344 4779 itaque
1368 4711 1498 4776 constat,
1521 4702 1688 4762 homiuibus
1710 4711 1824 4780 praeter
1847 4701 2080 4762 emendationem

727 4794 801 4852 vitae
830 4794 858 4849 in
886 4808 994 4868 genere
1030 4789 1103 4849 nihil
1134 4789 1300 4866 hujusmodi
1339 4792 1431 4867 signis
1467 4789 1662 4850 tribuendum.
1719 4788 1812 4851 Aliter
1843 4808 1893 4849 rex
1923 4790 2077 4849 Manasses

729 4878 862 4939 observat
894 4879 1010 4938 somnis
1041 4875 1156 4959 (omnes
1188 4880 1267 4937 vitae
1301 4885 1383 4938 actus
1415 4878 1598 4939 conformans
1633 4876 1671 4938 ad
1705 4895 1846 4956 responsa
1877 4878 2079 4950 somniorum),

730 4965 811 5027 aliter
843 4966 950 5027 Daniel
983 4968 1189 5043 interpretatur
1223 4967 1353 5039 somnia,
1388 4966 1445 5025 sibi
1475 4973 1504 5025 et
1532 4968 1595 5042 regi
1624 4964 1908 5026 Nabuchodonosori
1939 4965 2080 5025 divinitus

730 5053 865 5130 immisse,
888 5052 927 5113 ad
949 5052 1110 5114 revelanda
1131 5053 1242 5112 lutura:
1266 5052 1317 5112 ille
1340 5069 1445 5129 magus
1469 5061 1522 5128 est,
1546 5055 1601 5112 iste
1624 5053 1774 5131 propheta.

828 5141 941 5203 Eadem
958 5143 1047 5219 igitur
1069 5139 1150 5201 etde
1173 5143 1294 5200 cometis
1307 5140 1369 5216 jam
1393 5140 1468 5214 dico,
1492 5139 1621 5217 quaeda
1640 5143 1777 5200 monstris
1792 5141 1919 5200 marinis.
1958 5138 2080 5199 Cometa

730 5236 843 5293 naturae
872 5247 948 5309 opns
978 5236 1023 5290 est
1050 5228 1250 5307 naturalisque
1280 5227 1344 5303 cjns
1374 5229 1507 5305 trajectio
1536 5246 1586 5307 per
1608 5228 1768 5305 aetherem,
1803 5237 1832 5288 et
1854 5229 1937 5288 initio
1961 5226 2079 5302 dictum,

1819 5332 1869 5390 89
