5575 6342
1278 798 1319 854 De
1338 798 1467 855 Cernetis.
2005 801 2047 866 11

736 990 791 1039 srprs
805 975 954 1024 horizontem
974 973 1021 1025 1⁶⁰
1040 973 1077 1023 sel
1095 975 1145 1025 ‘20⁰
1162 974 1194 1037 c.)
1213 979 1239 1025 in
1258 991 1307 1026 nna
1324 983 1393 1025 recte
1412 977 1490 1035 lines,
1513 978 1548 1025 ita
1566 980 1662 1040 umen,
1684 981 1714 1025 nt
1730 976 1834 1025 australi
1852 976 1928 1024 ruent
1945 977 2051 1025 vicinior

736 1060 788 1111 quan
802 1047 900 1107 boreali,
919 1059 974 1093 cnm
994 1045 1072 1093 canda
1091 1047 1152 1095 setis
1171 1044 1255 1110 lorrga,
1274 1048 1317 1095 sed
1336 1049 1385 1095 rari
1404 1049 1515 1098 luminis.
1546 1046 1622 1095 Plura
1640 1047 1672 1095 da
1689 1048 1736 1095 hac
1753 1062 1779 1094 re
1798 1060 1864 1110 quas
1882 1048 1987 1094 scribam
2000 1060 2050 1095 non

736 1118 795 1165 labeo.
825 1115 963 1163 hlouschus
988 1115 1128 1177 praedictus
1155 1118 1241 1165 iaciens
1265 1125 1375 1165 cometae
1394 1119 1456 1165 mihi
1476 1118 1606 1178 descripsit
1626 1131 1676 1164 nors
1694 1118 1803 1164 lucidam
1823 1121 1848 1164 et
1865 1114 2050 1179 scintillantem,

736 1186 790 1248 quails
810 1186 866 1233 mibi
889 1190 1029 1233 monstrata
1052 1186 1113 1245 fuit,
1140 1186 1183 1234 sed
1207 1187 1330 1248 pallidam
1355 1191 1380 1235 st
1405 1189 1601 1250 subobscuram
1626 1186 1710 1248 qtrulis
1728 1186 1794 1248 apud
1813 1201 1856 1234 vus
1876 1187 1964 1249 tuerit,
1988 1187 2051 1235 seire

736 1270 784 1303 areo.
812 1256 871 1303 liam
891 1269 936 1316 ego
955 1256 1077 1303 hactenns
1094 1257 1155 1303 milri
1175 1258 1300 1317 persuasi,
1324 1255 1436 1305 alienum
1454 1272 1507 1305 esse
1526 1272 1539 1302 a
1558 1264 1647 1305 natura
1666 1263 1829 1316 cermetarum,
1856 1262 1885 1303 nt
1901 1255 2052 1317 splendeant

737 1323 893 1373 sseintlllent:
913 1326 936 1373 si
955 1325 1076 1390 decipior,
1096 1333 1122 1373 tu
1141 1340 1235 1389 quaeso
1255 1340 1294 1375 rue
1312 1341 1393 1376 mone.
1425 1325 1501 1375 Plora
1519 1340 1585 1375 rruuc
1603 1341 1652 1374 non
1672 1327 1772 1390 addam,
1791 1340 1822 1374 ns
1839 1327 1888 1373 tibi
1906 1327 1953 1373 sim
1972 1328 2052 1388 impe-

737 1395 820 1457 dimento,
839 1409 895 1443 eum
914 1396 998 1456 potius
1017 1401 1100 1456 optem
1119 1409 1143 1445 te
1162 1396 1280 1457 adjuvare
1299 1402 1324 1443 et
1342 1403 1445 1445 conatus
1462 1401 1527 1458 tuos,
1545 1398 1567 1444 si
1586 1411 1637 1458 qna
1655 1399 1752 1445 ratione
1770 1410 1877 1459 possem,
1896 1409 2049 1458 promovere.

808 1481 958 1543 lleplerus
977 1482 1106 1544 respondit
1124 1484 1148 1534 d.
1169 1486 1211 1533 30.
1230 1484 1293 1534 Nov.
1315 1486 1394 1534 1607:

809 1567 860 1644 Qui
891 1571 970 1646 prior
996 1571 1140 1629 monacho
1168 1581 1219 1630 tuo
1242 1581 1383 1632 cometam
1410 1571 1529 1644 viderit,
1560 1588 1618 1630 non
1643 1571 1741 1630 audio.
1788 1571 1859 1629 Sum
1882 1573 1911 1629 in
1935 1586 1987 1641 eo,
2021 1577 2051 1627 ut

736 1658 885 1731 appuentias
909 1658 1001 1734 ipsius
1024 1675 1059 1715 cx
1082 1667 1162 1719 recta
1184 1660 1262 1719 linea
1277 1659 1444 1735 trejectoria
1459 1668 1599 1734 motuque
1615 1658 1741 1717 Telluris
1755 1658 1878 1718 salvem.
1920 1655 2051 1715 Pallidus

738 1744 822 1801 onoino
842 1744 895 1801 init
920 1753 949 1802 et
972 1744 1083 1804 caudae
1106 1743 1233 1822 ἀμορος,
1262 1747 1314 1806 sed
1337 1749 1385 1822 qui
1411 1755 1508 1805 tomen
1528 1746 1709 1821 jaculatione
1732 1749 1886 1825 utebatur,
1908 1754 1941 1804 ut
1965 1745 2052 1803 ebes·

737 1842 801 1903 nats3
821 1830 886 1889 hine
908 1835 1038 1889 nascitur
1059 1850 1138 1892 nova
1161 1834 1332 1911 hypothesis
1355 1834 1488 1910 physice.

808 1916 843 1963 hd
861 1917 923 1965 haec
943 1918 1153 1984 brenggerus,
1174 1920 1308 1983 respiciens
1328 1921 1411 1968 literae
1432 1919 1533 1980 liepleri
1552 1914 1731 1983 (deperditas),
1751 1919 1842 1979 quibus
1862 1916 1983 1980 lieplcrns
2002 1916 2049 1965 sd·

734 1988 818 2045 Junerst
840 1985 954 2034 libellum
979 2002 1050 2035 sunm
1074 1992 1216 2047 germanica
1239 1987 1326 2049 lingna
1351 1991 1470 2051 seriptum
1491 1989 1521 2036 de
1540 1994 1634 2036 cometa
1652 1989 1710 2034 annl
1732 1990 1811 2050 lent,
1839 1989 1980 2050 praemissis
1999 1987 2051 2035 dis·

736 2055 879 2115 punitionibus
898 2059 989 2118 opticis
1008 2060 1064 2108 teir.
1084 2060 1131 2107 vol.
1151 2060 1182 2110 11.
1203 2075 1226 2122 p.
1247 2061 1279 2109 60
1298 2060 1341 2120 ss.)
1360 2061 1397 2106 sie
1415 2057 1559 2120 rospondit:
1579 2096 1585 2108 .
1607 2093 1639 2108 ..
1665 2057 1816 2118 Scripseram
1842 2060 1903 2105 baec
1926 2061 1976 2117 Jaro
2003 2057 2050 2104 dn-

735 2125 784 2183 dun,
806 2140 886 2173 rerum
910 2129 942 2175 ab
966 2129 1083 2175 continua
1105 2131 1226 2193 quasdam
1244 2131 1378 2177 multorum
1397 2128 1493 2177 dierum
1510 2130 1603 2177 itinera
1621 2125 1753 2189 epistulam
1771 2129 1899 2175 absolvere
1918 2134 1943 2175 et
1960 2127 1994 2175 ad
2014 2126 2050 2175 'l‘e

734 2194 816 2254 ablegare
839 2196 948 2256 neglexi.
983 2198 1084 2246 Interim
1108 2201 1158 2247 alia
1176 2214 1192 2248 a
1210 2201 1245 2249 Te
1269 2201 1330 2249 mihi
1352 2201 1456 2248 aiiertnr
1479 2213 1531 2247 une
1556 2213 1612 2246 cnm
1630 2202 1735 2245 tractatu
1755 2198 1808 2245 Tuo
1828 2199 1858 2245 de
1877 2202 1973 2246 cometa
1991 2198 2051 2245 anni

733 2266 834 2325 praeteriti,
853 2265 883 2314 de
901 2281 952 2330 qno
969 2268 1092 2328 judicium
1111 2284 1193 2317 nreum
1212 2272 1325 2331 requiris.
1364 2270 1415 2329 llgo
1429 2284 1495 2332 vero,
1514 2270 1548 2316 mi
1564 2269 1694 2331 liepplere,
1714 2270 1822 2327 optarius
1842 2270 1910 2329 prius
1930 2267 2052 2328 seriptum

733 2339 780 2381 uun
794 2334 895 2383 latinum
915 2337 946 2384 de
964 2338 1012 2384 hac
1030 2340 1136 2388 materia
1155 2338 1291 2401 perlegere,
1315 2342 1341 2387 in
1368 2353 1417 2401 qrro
1441 2346 1535 2386 motum
1560 2341 1613 2399 ejus
1635 2338 1807 2397 trajectoriuur
1826 2337 2009 2399 descripturum
2028 2343 2052 2384 te

733 2404 836 2463 polliceris,
855 2407 900 2453 ubl
918 2407 1005 2467 procul
1023 2408 1100 2455 dnbio
1118 2410 1230 2463 schema.
1249 2410 1316 2471 qnod
1334 2411 1473 2469 germanico
1493 2407 1579 2455 libello
1598 2408 1749 2470 praefixisti,
1769 2407 1922 2468 explicabia;
1941 2413 2051 2453 attamen

732 2479 751 2520 st
763 2475 798 2522 titi
814 2488 925 2535 paream,
950 2489 1032 2538 panca
1054 2479 1177 2540 quaedam
1196 2481 1338 2539 subjiciam.
1375 2478 1450 2539 Quod
1469 2479 1565 2526 coelum
1585 2478 1687 2525 cometis
1706 2490 1756 2523 nen
1774 2491 1845 2524 seeus
1864 2491 1893 2523 ae
1911 2489 1979 2523 mare
1997 2477 2051 2537 pls·

732 2540 782 2594 ribus
796 2546 908 2593 refertum
927 2547 1030 2610 scribis,
1053 2549 1075 2595 si
1098 2549 1146 2597 tibi
1164 2564 1244 2597 sermo
1263 2556 1300 2596 est
1319 2549 1349 2598 de
1368 2551 1471 2597 cometis
1487 2553 1541 2609 jam
1560 2549 1690 2605 formatis,
1715 2561 1765 2595 nun
1783 2549 1911 2608 aasentin;
1937 2559 1997 2593 nam
2016 2545 2052 2593 sio

731 2615 897 2679 eierebriorea,
923 2617 972 2663 imo
997 2615 1047 2664 iere
1072 2631 1168 2680 semper
1193 2626 1217 2666 et
1242 2618 1324 2681 plnres
1343 2617 1418 2667 simol
1438 2632 1487 2666 non
1507 2633 1560 2666 raro
1579 2624 1735 2679 apparerent.
1772 2617 1875 2665 Slvere
1896 2615 1926 2662 de
1945 2616 2052 2665 materis

731 2691 852 2733 anetarum
871 2700 915 2747 per
935 2684 1031 2734 coelum
1050 2687 1140 2735 dliiusa
1158 2693 1181 2735 et
1200 2704 1286 2750 sparsa
1303 2688 1428 2752 loqueris,
1452 2703 1517 2751 quae
1542 2688 1631 2735 deinde
1651 2687 1688 2732 cot
1708 2701 1766 2733 casu
1786 2684 1824 2733 vel
1844 2682 1993 2733 naturaliter
2012 2682 2051 2731 vel

731 2754 851 2803 nuacniosa
869 2758 1011 2805 coacervari
1029 2761 1053 2803 et
1071 2759 1097 2804 in
1116 2763 1239 2806 cometam
1258 2759 1403 2818 conglobari
1420 2760 1515 2820 possit,
1544 2762 1624 2805 tecum
1642 2757 1715 2803 iactor.
1752 2754 1887 2813 Vulgarcrn
1905 2754 2052 2816 peripateti-

731 2836 790 2871 coron
806 2827 948 2886 opinionem
968 2827 999 2873 de
1017 2841 1101 2875 eorum
1120 2830 1232 2887 materia,
1252 2843 1265 2876 e
1283 2830 1387 2876 terrenis
1401 2827 1605 2875 exhalationibus
1619 2827 1738 2877 deerrmta¹
1760 2826 1853 2873 dudum
1867 2824 2054 2886 explodendam

732 2896 904 2954 injiciendam
923 2903 1005 2944 tecum
1024 2903 1114 2946 statuo.
1151 2899 1224 2956 Quod
1247 2904 1331 2947 autern
1356 2900 1381 2945 in
1408 2899 1478 2945 coelo
1502 2912 1599 2958 semper
1617 2909 1684 2944 noea
1700 2902 1864 2957 generentur,
1887 2895 2055 2945 necessarium

732 2975 767 3009 esse
786 2978 828 3011 non
853 2975 929 3027 pnto,
954 2967 1078 3030 siquidem
1102 2975 1213 3015 cometae
1236 2983 1285 3016 nun
1304 2970 1469 3016 absumuntur
1487 2974 1532 3015 aot
1550 2969 1576 3019 iu
1594 2968 1701 3015 nihilum
1720 2966 1879 3026 rediguntur,
1903 2967 1946 3013 secl
1966 2963 2054 3012 saltans

732 3031 869 3097 dissipantur,
897 3036 999 3082 materia
1026 3051 1110 3084 eorum
1135 3040 1268 3099 superstite
1292 3044 1423 3100 manente,
1450 3053 1515 3101 quas
1540 3039 1564 3085 in
1588 3035 1657 3085 coelo
1676 3036 1811 3083 hincinde
1831 3036 1885 3083 sine
1905 3034 1991 3083 ordine
2010 3038 2055 3081 aut

732 3104 793 3161 aguis
805 3111 907 3163 regatur
920 3120 951 3153 ac
963 3105 1073 3169 taonem,
1093 3105 1131 3157 sel
1151 3112 1237 3155 rratnra
1257 3109 1379 3168 exigente,
1400 3106 1438 3154 vel
1450 3108 1504 3155 Deo
1520 3108 1632 3167 jubente,
1652 3106 1733 3153 denuo
1749 3105 1877 3165 colligitur
1895 3113 1919 3152 at
1930 3105 1957 3153 in
1971 3116 2053 3151 come·

732 3176 767 3218 tan
782 3174 940 3223 condensatur
957 3176 1031 3224 modo
1050 3180 1176 3240 majorem,
1196 3178 1269 3225 nrodo
1286 3179 1415 3241 minorem,
1433 3192 1478 3239 pro
1497 3179 1594 3224 ratione
1613 3177 1699 3236 copiae
1717 3180 1763 3222 aut
1781 3176 1918 3236 pensitatis
1936 3175 2055 3220 materias

732 3246 840 3291 constitae
858 3244 1008 3293 confluentia
1026 3252 1071 3293 aut
1089 3253 1228 3306 congcstae.
1264 3249 1290 3295 Si
1311 3255 1394 3294 antem
1413 3247 1565 3303 dixerimus,
1590 3260 1680 3293 novam
1699 3246 1807 3293 subinde
1825 3247 1954 3297 materiam
1973 3256 2055 3291 corne·

732 3312 785 3359 iiten
801 3314 902 3375 produci
922 3321 947 3362 et
963 3318 1082 3379 generari,
1103 3331 1158 3364 cum
1177 3320 1367 3377 praeteritorum
1387 3324 1538 3365 cometarum
1552 3318 1663 3364 nondnns
1676 3316 1789 3363 absumta
1802 3321 1847 3364 eut
1859 3329 1872 3362 e
1886 3313 1955 3361 coelo
1969 3313 2054 3360 detur-

731 3380 773 3427 bru
790 3386 830 3445 sit,
858 3385 959 3433 tandem
985 3392 1064 3433 toturn
1089 3387 1185 3434 coelum
1210 3388 1335 3435 obtusosri
1359 3393 1383 3435 et
1405 3400 1474 3434 auam
1498 3387 1707 3448 diaphaueltatenr
1733 3386 1847 3433 amittere
1866 3397 1965 3431 necesse
1984 3384 2055 3430 soret.

732 3448 795 3516 locro,
812 3454 878 3517 qnod
898 3455 1003 3504 dificile
1022 3463 1060 3503 est
1077 3458 1209 3519 assignare,
1229 3458 1295 3506 unde
1314 3458 1418 3505 materia
1437 3457 1481 3504 ilia
1499 3465 1523 3503 et
1541 3470 1554 3502 a
1573 3470 1623 3520 quo
1642 3454 1807 3518 producatur3
1827 3468 1886 3502 nam
1900 3451 2055 3514 planetarum

731 3520 790 3573 tlobis
805 3525 919 3572 humores
938 3531 963 3572 et
980 3524 1151 3574 exhalationes
1170 3542 1212 3574 seu
1232 3528 1335 3576 sudores
1354 3528 1495 3575 adscribere
1513 3526 1589 3586 plane
1607 3521 1706 3575 drosos
1723 3526 1838 3575 arbitror.
1874 3524 1941 3586 iuro,
1967 3536 2055 3585 quern-

732 3590 840 3641 sdnodnm
866 3593 1037 3644 exhalationes
1061 3602 1172 3643 terrenae
1196 3598 1262 3645 circa
1280 3599 1381 3658 globum
1400 3598 1491 3645 Terrae
1510 3597 1617 3643 resident
1636 3596 1710 3658 eique
1727 3594 1875 3655 adhaerent,
1903 3600 1930 3639 ut
1948 3591 2056 3639 elenreu-

731 3666 789 3709 tetrn
811 3666 935 3725 regionem
958 3680 1008 3713 non
1033 3667 1233 3728 transscendere,
1260 3669 1294 3714 its
1313 3665 1483 3715 oairalutiones
1502 3665 1657 3728 planetarum
1678 3664 1707 3729 (sl
1727 3665 1863 3727 quasillis
1882 3662 2056 3717 concedantur)

731 3741 818 3793 quasque
836 3736 901 3783 cirea
918 3733 1007 3795 globos
1026 3749 1084 3783 snos
1102 3736 1203 3782 lraerore
1223 3742 1247 3784 et
1265 3750 1425 3801 nequaquam
1444 3737 1474 3783 ab
1494 3738 1545 3783 illis
1564 3736 1637 3782 avelli
1655 3735 1735 3783 autin
1750 3731 1812 3781 coeli
1825 3733 1935 3795 spatium
1949 3730 2057 3778 diiiundi

732 3802 837 3851 sessione
856 3811 900 3852 eat.

811 3874 881 3932 Quod
907 3880 1002 3921 motum
1027 3879 1179 3923 cometarum
1203 3875 1349 3925 circularem
1373 3890 1426 3923 essa
1449 3890 1526 3935 negas
1550 3888 1657 3937 errrrrque
1681 3880 1773 3921 rectum
1797 3872 1965 3931 trajectorium
1984 3869 2056 3927 iacis,

731 3936 762 3985 hit
775 3938 861 4007 e'repsss
880 3945 961 3995 malo.
980 3958 1054 4007 qnam
1073 3946 1210 4009 quicquam
1229 3952 1320 3992 temere
1339 3947 1451 4009 effutire,
1479 3946 1558 3993 donec
1576 3945 1798 3992 demonstrationes
1817 3941 1963 3990 selenitem
1983 3954 2057 3999 argu-

732 4018 792 4058 neon
807 4021 847 4061 tna
864 4014 960 4063 sidero.
993 4014 1088 4062 Novum
1109 4016 1155 4062 hoo
1174 4020 1212 4062 eet
1230 4021 1255 4062 et
1273 4029 1289 4061 a
1307 4017 1414 4077 nemine,
1435 4016 1503 4079 qood
1521 4017 1606 4078 sciam,
1626 4016 1746 4061 hactenus
1765 4013 1893 4061 traditum.
1926 4010 1954 4058 ld
1972 4021 2056 4061 tamen

731 4077 806 4131 iaciiius
828 4083 921 4131 salvari
945 4098 1017 4145 posse
1039 4086 1070 4131 ab
1094 4099 1137 4147 so,
1163 4085 1207 4147 qni
1226 4084 1326 4132 Terram
1350 4087 1375 4132 in
1400 4091 1482 4144 centro
1509 4085 1593 4131 mnndi
1620 4083 1725 4132 collocat
1743 4096 1847 4143 eamque
1866 4081 2056 4129 convertibilem

731 4145 782 4207 iacit,
796 4161 820 4200 nt
838 4154 975 4213 Rarnrarns
993 4155 1078 4213 Ursus,
1094 4168 1169 4219 quam
1189 4156 1232 4218 qni
1252 4154 1322 4202 illam
1342 4156 1366 4201 in
1386 4156 1508 4202 aetherem
1528 4155 1615 4207 elevat.
1634 4160 1662 4200 nt
1680 4151 1840 4215 Copernloue,
1860 4164 1956 4201 censeo.

809 4223 880 4284 Quod
904 4223 970 4272 radii
988 4224 1081 4272 solares
1104 4225 1257 4273 transeundo
1281 4238 1326 4287 per
1348 4225 1450 4284 globum
1474 4230 1585 4271 cometae
1611 4223 1707 4286 aliquid
1727 4223 1757 4269 de
1774 4223 1882 4269 materia
1900 4225 1954 4279 ejus
1974 4232 2056 4269 secrnn

730 4290 807 4349 titiant
825 4296 848 4341 in
868 4299 966 4355 partem
985 4295 1124 4355 oppositam
1143 4302 1167 4342 et
1186 4296 1222 4342 ita
1240 4296 1381 4353 absumunt,
1401 4292 1548 4341 diiiionltate
1567 4307 1617 4341 non
1632 4298 1706 4341 caret.
1739 4291 1788 4339 Gur
1801 4293 1865 4339 enlm
1880 4291 1916 4337 nii
1928 4288 1978 4336 tale
1992 4287 2057 4349 apud

730 4370 763 4405 net
780 4365 930 4424 experimur?
958 4362 1078 4410 Videmus
1097 4364 1211 4429 quidem,
1235 4364 1304 4429 quod
1322 4363 1365 4413 Sol
1385 4362 1503 4425 nebulas,
1529 4365 1607 4411 nubes
1626 4369 1651 4409 et
1669 4361 1779 4427 liquores
1798 4362 1931 4424 absonat3
1956 4359 1982 4405 id
2001 4372 2058 4405 vere

729 4438 765 4475 noo
780 4432 834 4480 iacit
851 4433 1021 4494 protrudenda
1040 4439 1065 4479 et
1083 4435 1200 4493 rapiendo
1218 4448 1303 4482 ecorum
1322 4435 1489 4481 substantiam
1508 4435 1534 4481 in
1554 4438 1648 4494 partem
1661 4445 1775 4480 aversam
1790 4444 1833 4479 seu
1846 4432 1996 4491 oppositam,
2014 4427 2057 4474 sed

728 4502 852 4549 attrrbendo
871 4509 895 4550 et
912 4501 1036 4565 eliciendo
1056 4517 1157 4564 vapores
1177 4519 1205 4551 ex
1226 4512 1294 4565 {rorte
1313 4504 1362 4551 sibi
1381 4506 1492 4551 obuersa.
1515 4505 1622 4550 Etcum
1641 4503 1705 4550 raclii
1720 4499 1785 4549 Solis
1804 4501 1854 4547 sint
1872 4495 2058 4555 immateriales,

728 4578 765 4615 non
780 4572 860 4635 rideo,
886 4573 1011 4636 qrroroodo
1031 4580 1115 4634 rsptne
1133 4573 1176 4620 ille
1194 4577 1310 4622 materiae
1330 4579 1442 4621 cometae
1460 4575 1487 4622 in
1506 4575 1648 4635 oppositum
1667 4573 1719 4619 teri
1738 4572 1825 4632 possit.
1862 4569 1952 4627 Putas,
1970 4580 2057 4630 quem-

726 4637 837 4690 adnodom
860 4643 995 4692 linteorum
1015 4641 1124 4691 maculae
1142 4659 1156 4690 a
1174 4644 1232 4692 Sole
1250 4646 1417 4705 dissipantur,
1442 4646 1478 4691 ite
1495 4646 1550 4705 ipsa
1568 4644 1610 4690 iila
1628 4655 1726 4704 qnoque
1745 4654 1829 4688 sorum
1848 4638 2017 4698 absumenda,
2037 4637 2058 4683 si

727 4708 764 4757 sint
779 4714 907 4773 pellucido.
945 4713 995 4761 Sed
1013 4726 1091 4777 arraa;
1111 4714 1188 4761 multa
1206 4717 1271 4763 enirn
1291 4729 1398 4775 corpora
1415 4722 1475 4762 sarrit
1494 4714 1631 4774 diaplrana.
1649 4726 1713 4774 quse
1728 4717 1810 4759 temon
1823 4723 1871 4757 non
1885 4711 2058 4759 absumuntur.

725 4779 849 4847 eicetiam,
875 4786 924 4832 nisi
950 4782 991 4831 iila
1014 4784 1065 4830 sint
1089 4779 1221 4847 liquuhllia
1245 4792 1268 4833 et
1294 4786 1319 4832 in
1340 4782 1433 4831 halitus
1452 4781 1612 4842 resolubilis,
1636 4794 1763 4844 nunquam
1780 4795 1794 4825 a
1812 4778 1870 4827 Sole
1888 4779 2058 4824 absumentur.

725 4847 815 4900 Nebulae
833 4869 890 4902 rero
909 4854 1054 4916 deposcitur
1071 4853 1114 4902 Sol
1134 4854 1227 4918 calore,
1246 4855 1305 4901 dum
1323 4853 1492 4902 calefaciendo
1510 4867 1551 4900 eas
1569 4856 1694 4913 attenuat,
1713 4848 1864 4896 attenuando
1883 4846 1977 4903 dilatat,
1996 4842 2058 4891 dila·

723 4922 785 4969 trodo
802 4924 916 4988 dissipat,
936 4923 1080 4983 dissipando
1099 4925 1223 4985 absumit,
1242 4938 1291 4971 non
1311 4925 1413 4986 quidem
1431 4926 1458 4971 in
1477 4924 1583 4970 nibilum
1602 4935 1643 4968 aas
1661 4918 1806 4977 redigendo,
1830 4915 1873 4963 sed
1892 4914 2058 4962 convertendo

723 4989 743 5034 in
758 4996 880 5042 materiam
899 4994 962 5042 adeo
981 4994 1106 5053 subtilem,
1126 5000 1153 5041 nt
1170 5007 1258 5041 seorsus
1275 4996 1377 5053 eitugiat
1396 4999 1420 5040 et
1438 5007 1503 5055 quae
1521 4991 1632 5041 exhalet.

811 5063 938 5111 Praeclare
957 5069 982 5110 et
1000 5078 1055 5110 vere
1073 5065 1176 5123 scribis,
1197 5072 1308 5125 oportere
1328 5070 1356 5111 nt
1374 5070 1457 5111 motus
1475 5067 1584 5111 cometae
1603 5057 1758 5118 trajectnrius
1776 5056 1808 5101 ab
1826 5053 1993 5113 intelligentia
2012 5054 2059 5101 ad·

720 5132 807 5179 nodnnr
826 5134 931 5194 provida
949 5138 974 5180 et
992 5136 1076 5191 caesor
1095 5133 1303 5196 praedisponatur
1321 5141 1345 5180 et
1364 5133 1493 5192 dirigatur,
1514 5137 1542 5178 nt
1554 5145 1598 5177 srro
1617 5128 1698 5189 positu
1713 5138 1765 5171 sese
1778 5122 1947 5170 accommodet
1960 5122 2060 5186 Terrae,

718 5216 762 5264 qno
782 5205 851 5262 juxta
876 5205 973 5263 regulas
996 5203 1174 5264 astrologorum
1200 5202 1230 5249 de
1254 5203 1343 5250 tuturis
1368 5205 1498 5250 ererrtibns
1520 5200 1642 5260 iudicium
1667 5194 1730 5242 sumi
1755 5193 1841 5253 possit.
1881 5188 1935 5239 lmo
1959 5192 1980 5237 si
2004 5204 2061 5241 cum

717 5270 842 5335 Gopemico
862 5275 985 5334 fingamus
1003 5274 1102 5322 Terram
1121 5274 1187 5321 inter
1204 5277 1274 5320 astra
1291 5274 1389 5337 sagari,
1415 5287 1454 5321 res
1478 5273 1538 5319 haee
1561 5270 1658 5318 ridetur
1680 5263 1730 5311 iere
1753 5261 1918 5321 impossibilia
1935 5259 1975 5307 vel
1994 5270 2063 5314 certe
