5575 6342
1087 790 1127 845 su
1146 790 1710 862 1111111111.1111-111101111110001.
1737 750 1738 755 Ν
2011 796 2075 864 231

717 969 777 1042 illa,
800 986 877 1045 quac
901 976 947 1031 est
968 969 1068 1029 circuli
1091 972 1198 1047 magni,
1221 976 1326 1048 partim
1349 971 1511 1032 firmissime
1536 990 1571 1033 ea
1587 974 1701 1031 nititur:
1727 975 1797 1048 quia
1813 979 1915 1033 contra
1930 972 2075 1050 regulari-

716 1064 815 1129 tatem,
839 1065 984 1133 quaeest
1007 1059 1037 1115 in
1060 1056 1239 1118 diversorum
1263 1061 1373 1120 dierum
1398 1061 1502 1119 sitibus
1525 1060 1735 1134 consimilibus,
1759 1061 1831 1119 nihil
1855 1063 1952 1137 potuit
1969 1060 2073 1121 Clara-

715 1146 845 1203 montius
869 1145 975 1217 dicere,
997 1144 1053 1203 bac
1075 1162 1144 1204 vere
1168 1154 1249 1224 parte
1272 1148 1469 1224 regularitatis
1492 1156 1606 1207 constat
1622 1150 1752 1224 cognitio
1768 1154 1864 1207 motus
1881 1148 1974 1208 diurni
1992 1149 2073 1225 ejus-

715 1248 773 1307 que
796 1234 888 1309 partis
910 1231 1136 1309 proportionalis
1159 1233 1237 1293 horis
1260 1235 1435 1311 interlapsis.

825 1322 874 1380 ll.
906 1320 968 1379 Nec
989 1335 1043 1377 nos
1067 1318 1170 1379 leviter
1192 1321 1324 1398 Tychoni
1349 1320 1492 1381 eredimus
1516 1326 1656 1381 asserenti
1681 1322 1908 1398 regularitatem,
1932 1339 1986 1383 nec
2008 1340 2073 1383 cam

716 1407 820 1464 assem
845 1408 895 1466 ille
918 1407 1029 1481 absque
1051 1405 1112 1465 ulla
1135 1409 1315 1484 probatione,
1340 1427 1405 1467 eum
1429 1408 1644 1468 Claramontius
1667 1412 1731 1486 ipse
1747 1412 1949 1487 probationem
1966 1428 2001 1470 cx
2018 1410 2073 1470 hac

716 1496 780 1569 ipsa
803 1492 955 1571 Tychonis
985 1493 1096 1552 ratione
1125 1498 1211 1553 tertia
1238 1498 1438 1572 exscripserit:
1470 1494 1545 1556 datis
1575 1500 1650 1556 enim
1680 1496 1925 1557 declinationibus
1949 1498 2073 1557 duorum

716 1580 828 1639 dierum
852 1580 990 1657 deinceps
1014 1582 1042 1637 in
1066 1583 1124 1639 situ
1147 1584 1307 1655 consimili,
1333 1583 1403 1642 data
1426 1585 1513 1642 etiam
1539 1584 1733 1645 declinatione
1757 1587 1867 1643 insitu
1891 1585 2072 1658 intermedio,

717 1667 795 1745 horis
818 1666 957 1744 analoga,
977 1667 1040 1742 jam
1063 1675 1178 1727 constat
1201 1669 1236 1729 de
1260 1670 1456 1746 regularitate.

823 1758 872 1817 12.
903 1754 1004 1815 Tertia
1026 1757 1164 1815 instantia
1187 1757 1284 1834 prodit
1302 1761 1406 1816 iterum
1422 1765 1591 1817 consuetam
1607 1758 1794 1817 Claramoutii
1811 1757 1975 1833 audaciam,
1999 1777 2070 1820 cou-

714 1843 847 1916 junctam
868 1859 934 1902 eum
957 1841 1137 1918 impudentia
1151 1845 1384 1919 probrosissima.
1415 1845 1645 1903 Observationes
1660 1844 1779 1922 Tycho-

716 1931 759 1987 nis
781 1930 811 1986 in
836 1929 957 1989 dubium
983 1937 1077 2000 vocat,
1101 1947 1136 1989 eo
1160 1931 1239 2007 quod
1262 1931 1386 1992 altitudo
1403 1940 1534 1992 cometae
1550 1932 1707 1992 observata
1721 1948 1779 1991 11011

717 2016 890 2094 respondeat
912 2032 1049 2094 expresso
1072 2019 1229 2078 azimutbo.

820 2121 911 2196 Atqui
934 2121 1085 2181 extribus
1108 2120 1193 2195 datis,
1218 2130 1250 2181 ut
1272 2122 1347 2182 solet
1369 2114 1440 2195 fieri,
1466 2121 1524 2180 duo
1548 2124 1610 2197 ipse
1625 2122 1680 2181 sibi
1696 2122 1780 2199 fingit

717 2206 750 2267 ad
776 2206 917 2280 lubitum,
952 2207 1002 2267 AC
1032 2207 1199 2269 distantiam
1228 2210 1287 2286 poli
1310 2229 1328 2269 a
1352 2212 1459 2270 vertice
1490 2217 1516 2268 et
1541 2209 1619 2267 csss
1649 2210 1778 2268 azimuth
1856 2266 1858 2271 .

717 2298 808 2372 ipsum
832 2297 1011 2373 praecisum,
1044 2296 1122 2371 quod
1148 2297 1250 2374 Tycho
1279 2300 1342 2373 ipse
1364 2315 1418 2357 nee
1442 2297 1645 2356 determinavit
1667 2307 1777 2370 exacte,

717 2401 766 2443 nec
788 2382 826 2441 ad
852 2382 1128 2443 demonstrationem
1152 2383 1293 2445 adhibuit.
1333 2384 1388 2443 His
1409 2386 1514 2462 positis
1534 2393 1563 2443 et
1577 2389 1708 2442 assumta
1724 2384 1777 2442 ΑΒ

718 2471 891 2530 distantias
914 2472 1030 2543 vertice,
1054 2477 1192 2546 quantam
1217 2473 1386 2532 observarit
1409 2470 1520 2549 Tycho,
1546 2469 1657 2545 colligit
1679 2470 1777 2545 Scipio

718 2557 1254 2636 0310111111011111111111101111,
1279 2558 1509 2635 (1111011000,
1542 2574 1599 2616 non
1624 2556 1689 2616 dico
1713 2556 1776 2617 col-

720 2645 784 2722 legit
806 2644 1022 2723 computando,
1045 2645 1097 2704 sed
1121 2647 1290 2706 observavit
1312 2664 1363 2724 per
1386 2645 1524 2705 armillas.
1863 2632 1888 2682 Β

821 2734 870 2792 13.
904 2732 994 2809 Atqui
1019 2749 1069 2791 cnr
1092 2740 1122 2791 tu
1138 2733 1315 2793 Claramouti
1341 2735 1499 2793 auctiorem
1523 2733 1594 2792 lacis
1612 2732 1663 2790 AG
1686 2749 1774 2808 quam
1789 2731 1844 2795 hoc
1860 2734 1925 2794 1000
1940 2734 2066 2813 Tychai

722 2819 773 2877 hut
795 2836 849 2877 cnr
870 2818 963 2892 taliis,
994 2818 1107 2892 diceus,
1140 2823 1182 2881 sie
1204 2821 1385 2897 proditurum
1409 2822 1549 2895 maiorem
1573 2818 1637 2898 CB,
1668 2822 1717 2894 qui
1742 2818 1778 2877 ad
1803 2821 1917 2880 oculum
1941 2822 2071 2898 prodibit

721 2905 829 2965 minor?
854 2906 912 2965 Cur
927 2908 1014 2966 etiam
1031 2906 1109 2965 chit
1125 2912 1229 2968 statuis
1246 2906 1303 2967 880
1323 2909 1378 2982 10¹,
1403 2925 1488 2984 quem
1506 2923 1557 2983 per
1573 2907 1663 2966 verba
1679 2906 1828 2984 Tychouis
1843 2926 1947 2985 posses
1964 2908 2022 2969 88⁰
2041 2910 2071 2969 1¹

722 2993 888 3053 assumere?
911 3001 980 3053 tune
1003 2995 1174 3054 coeuntibus
1199 2996 1265 3069 AC,
1291 2996 1361 3067 AB,
1386 3013 1498 3053 rursum
1522 2996 1615 3051 minor
1638 2994 1751 3052 iuturus
1773 3002 1817 3055 est
1841 2996 1899 3055 ΟΒ.
1946 2995 2070 3057 Hiccine

722 3083 766 3141 tibi
788 3079 876 3140 ludus
898 3080 1009 3158 placet,
1042 3091 1074 3139 ut
1104 3098 1183 3142 more
1215 3089 1336 3159 agyrtae
1364 3081 1449 3142 lallas
1472 3084 1601 3140 insuetos
1623 3081 1804 3140 schematum
1829 3082 1930 3143 oeulos
1953 3086 2069 3161 tuisque

721 3169 886 3229 fautoribus·
900 3176 929 3228 et
952 3170 981 3227 in
1003 3170 1039 3227 iis
1062 3171 1183 3247 principi
1208 3172 1284 3241 viro,
1317 3173 1363 3227 cui
1387 3171 1504 3228 minime
1528 3169 1698 3246 oportebat,
1721 3171 1853 3245 imponas
1877 3171 2069 3247 turpissime?

822 3261 873 3315 14.
913 3255 985 3314 Vult
1015 3258 1116 3330 etiam,
1148 3259 1327 3333 inquiramus
1357 3259 1385 3313 in
1417 3257 1480 3332 ejus
1511 3255 1665 3316 calculum.
1711 3255 1775 3313 Non
1807 3257 1904 3317 lubet:
1935 3262 2069 3334 superius

721 3344 796 3403 robis
819 3344 975 3403 scientiam
996 3343 1129 3403 solvendi
1153 3345 1299 3420 triangula
1322 3362 1406 3403 suam
1430 3345 1615 3419 approbavit,
1638 3343 1749 3402 ituatur
1772 3342 1827 3403 hac
1849 3344 1937 3403 laude
1960 3348 2069 3422 ingenii

724 3430 862 3507 cedetque
884 3431 971 3490 nobis
993 3432 1122 3490 vicissim
1145 3433 1355 3492 consessionem
1378 3432 1496 3503 fraudis,
1520 3433 1548 3487 in
1573 3432 1709 3489 assumtis
1733 3432 1880 3491 obtmsae.

822 3518 872 3579 15.
904 3516 1017 3592 Quodsi
1038 3536 1091 3594 par
1114 3521 1227 3578 censuit
1250 3518 1463 3578 Claramontius
1487 3517 1626 3576 101239.
1650 3516 1686 3577 de
1710 3519 1744 3575 iis
1768 3516 1901 3578 dubitare
1924 3519 2067 3580 observa·

722 3605 859 3676 tionibus,
883 3622 1005 3680 quarum
1030 3613 1180 3665 consortes
1203 3606 1292 3667 salsas
1315 3624 1347 3666 se
1369 3609 1511 3681 reperisse
1534 3605 1687 3680 gloriatur,
1711 3622 1762 3680 per
1784 3606 1859 3665 laisa
1881 3607 2016 3664 nimirum
2039 3616 2068 3666 et
2109 3616 2114 3643 ¹

722 3692 823 3752 ineerta
845 3699 993 3750 emunita:
1017 3701 1047 3751 et
1068 3709 1122 3752 nos
1145 3696 1233 3769 igitur
1254 3711 1307 3770 par
1329 3709 1516 3764 censeamus,
1541 3692 1749 3764 claramontio,
1772 3692 1858 3752 fidem
1882 3693 2067 3753 observatio-

721 3781 799 3838 nibus
820 3795 881 3837 non
905 3782 1049 3855 expressis
1073 3779 1233 3857 deroganti,
1256 3779 1387 3840 fraudem
1409 3781 1437 3836 in
1457 3796 1594 3857 expressa
1609 3781 1794 3838 commissam
1810 3781 1957 3855 objectare
1973 3797 2067 3857 eaque

721 3867 920 3926 observatione
942 3884 1013 3926 vera
1035 3867 1224 3944 deprehensa,
1249 3875 1331 3926 tanto
1354 3869 1450 3925 minus
1473 3866 1509 3926 de
1532 3865 1660 3924 nondum
1683 3869 1827 3942 expressis
1850 3866 1993 3927 dubitare.

820 3959 870 4013 16.
914 3954 1049 4031 Denique
1082 3966 1183 4015 contra
1214 3964 1394 4031 pugnantem
1426 3955 1573 4013 instantiis
1600 3954 1711 4028 junctis
1741 3954 1997 4030 pronunciabimus
2030 3972 2066 4012 ex

720 4037 910 4101 solulionibns
929 4041 1056 4117 junctis,
1080 4040 1309 4102 claramontium
1333 4045 1361 4100 in
1386 4042 1551 4119 objectione
1575 4040 1753 4099 dillerentiae
1777 4042 1988 4100 eminutorum
2012 4040 2065 4100 de-

720 4125 853 4202 prehendi
869 4128 1075 4201 fraudatorem,
1101 4130 1129 4187 in
1145 4129 1316 4190 refractione
1333 4132 1455 4188 tironem
1470 4130 1644 4204 imperitum,
1661 4129 1689 4184 iu
1706 4128 1915 4203 aequabilitate
1931 4137 2063 4189 motuum

720 4214 897 4276 eestlmanda
919 4215 1029 4274 nullius
1052 4217 1171 4289 cerebri,
1195 4224 1224 4276 et
1246 4220 1288 4277 sic
1311 4218 1412 4293 quanti
1436 4218 1481 4274 vis
1505 4217 1588 4292 pretii
1612 4215 1767 4274 hominem.

820 4310 870 4363 11.
911 4302 1008 4362 Audet
1031 4311 1061 4362 et
1083 4303 1132 4362 iol.
1158 4311 1231 4366 235.
1255 4305 1382 4380 objicere
1405 4304 1538 4381 Tychoni
1565 4303 1608 4363 vel
1632 4301 1747 4378 lapsum
1769 4305 1927 4363 memoriae
1949 4302 1995 4362 vel
2019 4305 2067 4361 in-

720 4392 926 4464 constantiam,
955 4389 1034 4466 quod
1061 4391 1244 4451 altitudinem
1270 4393 1331 4469 poli
1363 4395 1390 4448 in
1415 4407 1468 4449 suo
1492 4390 1557 4450 loco
1580 4391 1683 4448 statuit
1705 4407 1781 4449 anno
1809 4390 1899 4450 1578.
1925 4385 1983 4450 550
2007 4390 2066 4464 530,

718 4478 905 4553 sequentibus
930 4473 986 4536 550
1009 4478 1060 4538 540
1087 4475 1155 4538 150.
1200 4479 1261 4538 Nec
1288 4483 1316 4538 in
1340 4480 1478 4538 exercitio
1503 4479 1616 4535 virtutis
1640 4476 1779 4536 colendae
1802 4483 1914 4536 tantum
1936 4478 2066 4554 proiecit,

719 4575 745 4623 ut
768 4564 905 4635 disceret,
929 4566 1043 4624 tertiam
1066 4582 1130 4624 esse
1153 4583 1280 4639 causam,
1303 4567 1463 4642 proiectum
1487 4567 1515 4621 in
1539 4565 1652 4637 melius,
1676 4581 1803 4623 amorem
1828 4567 1960 4624 veritatis
1976 4576 2006 4624 et
2020 4567 2067 4622 in·

718 4670 840 4728 genuam
872 4651 1082 4712 erroreulorum
1113 4661 1171 4711 tam
1201 4656 1375 4712 minutorum
1405 4653 1629 4723 confessionem,
1658 4651 1791 4727 adeoque
1815 4658 1844 4710 et
1865 4651 1952 4726 hujus
1975 4652 2068 4728 ipsius

718 4741 928 4800 emendationis
952 4740 1202 4816 confessionisque
1226 4742 1479 4801 denunciationem
1503 4740 1658 4816 publicam,
1681 4739 1755 4799 libro
1778 4741 1842 4815 ipso
1865 4739 1904 4797 ΙΙ.
1921 4738 2067 4817 Progym-

718 4838 880 4889 nasnratum
903 4825 954 4886 lol.
980 4833 1030 4887 31.

821 4916 870 4975 18.
902 4912 987 4989 Quae
1010 4916 1038 4972 in
1062 4922 1208 4989 postrema
1232 4917 1370 4973 instantia
1394 4916 1504 4992 objicit,
1529 4916 1613 4990 quasi
1630 4913 1731 4991 Tycho
1755 4912 1944 4972 confunderet
1966 4912 2068 4989 paral·

717 5004 793 5064 laxin
817 5001 1021 5062 declinationis
1044 5018 1109 5061 cnm
1132 5001 1293 5061 differentia
1307 5001 1499 5077 parallaxinm
1516 5001 1727 5073 declinationis,
1752 5001 1815 5077 ejus
1832 5002 1959 5060 criminis
1974 5000 2068 5059 simile

718 5089 786 5167 quid
816 5106 906 5166 supra
934 5088 1038 5149 recidit
1066 5090 1095 5147 in
1126 5092 1221 5166 ipsum
1253 5096 1410 5149 auctorem.
1456 5090 1501 5150 De
1524 5089 1663 5166 Γ11011000
1692 5106 1760 5148 1010
1790 5088 1884 5148 dicere
1913 5086 1973 5147 tale
1997 5086 2067 5162 quid

718 5179 819 5254 potuit,
843 5177 968 5256 probare
990 5194 1049 5235 non
1072 5179 1176 5252 potuit.
1218 5177 1352 5236 Affirmat
1373 5178 1460 5251 nude,
1482 5193 1558 5252 nego
1581 5194 1636 5252 ego
1651 5175 1736 5235 nude.
1776 5176 1802 5236 Α
1820 5176 1980 5235 differentia
1996 5191 2067 5233 vero

719 5265 911 5342 purallaxlnm
934 5262 1140 5332 declinationis
1163 5281 1214 5345 per
1236 5265 1428 5325 differentiam
1450 5263 1641 5345 parallaxium
1665 5266 1712 5342 (ut
1734 5263 1850 5341 Scipio,
1875 5261 2066 5340 verticulum,

1903 1898 1955 1959 Fig.
1975 1902 2000 1949 8.

1872 1994 1898 2039 A

2033 2094 2050 2139 0
