5575 6342
2046 2014 2059 2027 h

804 2043 908 2177 tn
962 2040 1563 2177 udttntiflttds
1610 2040 1986 2175 luriunt

1263 2299 1480 2370 APPENDIX
1507 2299 1529 2369 l.

926 2465 1019 2598 EX
1057 2463 1342 2600 undulis
1382 2463 1864 2599 RUDOLPHINIS.

1322 2714 1343 2724 *x*
1359 2713 1404 2726 β-Ινὶ

1066 2851 1286 2937 induturum
1312 2849 1490 2954 dudotptrl
1517 2849 1728 2955 Praecepta

1301 3025 1442 3094 curun
1464 3026 1489 3092 1.

873 3158 924 3215 De
953 3156 1173 3215 arithmetica
1200 3158 1376 3228 logistica,
1407 3159 1444 3216 in
1472 3158 1527 3215 his
1554 3159 1683 3218 tabulis
1709 3155 1915 3216 necessaria

826 3311 927 3371 Artem
958 3312 1139 3390 supputandi
1169 3329 1305 3372 numeros
1333 3311 1485 3390 logistioos
1512 3314 1549 3376 in.
1570 3313 1663 3373 iroute
1685 3311 1907 3373 Prutenicarum
1929 3309 2076 3370 collocant

739 3391 905 3459 Reinholdns
935 3407 965 3459 et
987 3399 1126 3477 Maginus
1149 3403 1178 3458 in
1201 3402 1262 3459 suis
1284 3399 1430 3460 resolutis.
1475 3399 1561 3460 Hauc
1584 3417 1652 3477 ergo
1675 3407 1767 3459 artem
1789 3414 1996 3478 praesuppono
2018 3413 2075 3457 no-

738 3488 785 3544 mn
805 3504 870 3546 esse
893 3486 1017 3567 debere,
1047 3489 1218 3565 praesertim
1241 3488 1283 3562 ei,
1306 3490 1358 3564 qui
1381 3488 1587 3565 Logarithmos
1610 3491 1638 3545 in
1663 3504 1747 3546 usum
1770 3504 1829 3547 nou
1853 3485 1916 3545 vult
1937 3488 2073 3563 recipere.

736 3565 901 3650 dirigitur,
924 3575 949 3634 si
973 3573 1044 3649 qnid
1068 3577 1095 3634 ei
1118 3583 1339 3653 praeceptorum
1362 3575 1511 3652 logistiees
1533 3574 1582 3634 vel
1606 3574 1714 3635 excidit
1734 3573 1782 3634 vel
1805 3574 1841 3634 de
1863 3590 1942 3633 novo
1961 3582 2005 3632 est
2020 3572 2075 3631 ad-

732 3656 907 3737 discendum,
938 3661 977 3722 ad
999 3661 1172 3723 Prutenieas
1202 3672 1331 3723 recurrat
1353 3663 1450 3738 adque
1473 3670 1585 3723 ceteros
1608 3663 1821 3736 arithmeticos,
1852 3663 1903 3737 qui
1925 3661 2075 3737 logistices

731 3747 774 3808 rel
794 3757 951 3828 maeeepta
973 3749 1101 3824 tradunt,
1125 3751 1173 3810 vel
1197 3748 1460 3810 demonstrationes
1479 3750 1613 3826 afferunt,
1638 3765 1791 3826 equorum
1805 3765 1926 3808 numero
1942 3755 1987 3808 est
2003 3749 2077 3806 inter

728 3831 880 3916 (auctores)
893 3836 927 3912 ⁴⁵)
951 3835 1081 3897 Graecos
1104 3837 1242 3898 Barlaam
1264 3836 1437 3897 Monachus.

826 3923 963 3985 Inveniet
984 3924 1062 3985 idem
1085 3924 1164 4005 apud
1187 3931 1320 3985 auctores
1344 3920 1438 3985 dictos
1462 3941 1603 3984 canonem
1626 3922 1864 3997 hexecontadon,
1896 3922 1980 3998 cujus
2002 3921 2075 3981 sub·

725 4009 797 4070 sidio
817 4009 1076 4088 multiplicationes
1099 4020 1128 4075 et
1152 4011 1312 4072 divisiones
1334 4011 1489 4090 logisticae
1512 4011 1700 4089 perficiuntur
1724 4013 1976 4087 extructionesque
1995 4008 2075 4068 radi-

726 4113 799 4157 cum.
836 4097 932 4175 Quem
954 4116 1097 4161 cunonem
1119 4102 1148 4159 in
1171 4117 1324 4160 numerum
1346 4099 1513 4160 tabularum
1536 4092 1717 4159 istarum'ob
1740 4097 1771 4157 id
1792 4101 1888 4178 ipsum
1902 4115 1961 4186 pou
1977 4097 2076 4158 consui

725 4185 937 4262 recipiendum,
969 4190 1040 4263 quis
1070 4189 1095 4247 is
1125 4190 1217 4248 veteri
1245 4186 1399 4264 logisticae
1422 4190 1527 4261 servit,
1560 4203 1625 4247 cum
1648 4190 1678 4246 in
1700 4185 1746 4246 his
1769 4186 1878 4247 nbulis
1900 4203 1979 4245 nova
2001 4186 2075 4243 ratio

723 4269 870 4349 doceatur,
895 4275 958 4334 sine
982 4291 1095 4336 maone
1117 4275 1351 4350 hexecontadou,
1375 4277 1439 4337 sine
1461 4275 1634 4353 fatigatione
1657 4276 1772 4349 mentis,
1796 4291 1861 4335 cum
1884 4273 1963 4335 lucro
1988 4274 2077 4331 etiam

721 4361 870 4442 temporis,
892 4370 922 4422 et
946 4362 1161 4440 multiplicandi
1184 4371 1213 4424 et
1235 4362 1385 4423 dividendi
1407 4363 1541 4440 logistica
1564 4369 1648 4424 tauta
1668 4364 1820 4424 exactione
1843 4368 1873 4422 et
1886 4361 2076 4439 praecisione,

721 4458 831 4523 quanta
853 4449 1022 4511 tahulmum
1045 4451 1178 4510 instituto
1202 4450 1318 4511 sufficit
1722 4472 1726 4479 ·
1798 4491 1803 4502 ·

824 4537 874 4598 De
904 4540 1177 4600 numeratione.
1224 4536 1372 4612 Quantum
1402 4539 1490 4613 igitur
1516 4536 1555 4597 ad
1577 4538 1807 4598 numerationem
1831 4535 1937 4595 attinet
1958 4533 2077 4609 logisti-

719 4633 795 4698 cam,
817 4642 876 4685 uno
901 4625 990 4684 verbo
1015 4625 1178 4685 monendus
1201 4634 1246 4684 est
1269 4625 1387 4701 legista,
1411 4628 1439 4683 in
1463 4625 1508 4684 his
1531 4624 1640 4686 tabulis
1665 4643 1700 4683 ex
1723 4621 1933 4684 consuetudine
1955 4619 2076 4699 Tycha·

717 4712 783 4783 nn,
803 4714 887 4788 primi
912 4714 1048 4785 auctoris,
1072 4712 1128 4773 hoc
1151 4713 1301 4772 observari
1327 4711 1496 4787 discrimen,
1519 4721 1552 4771 nt
1575 4711 1730 4771 intervalla
1752 4710 1870 4787 quidem
1893 4709 2076 4787 planetarum

718 4802 847 4859 nunnus
876 4802 1075 4879 exprimantur
1102 4800 1247 4861 absolutis
1277 4803 1305 4858 in
1329 4817 1539 4875 sumamma,
1571 4817 1630 4877 qua
1653 4800 1793 4859 distantia
1815 4796 1893 4857 Solis
1918 4804 1947 4858 et
1969 4796 2075 4856 'l'errae

719 4884 872 4947 mediocris
901 4894 1114 4963 est100000,
1146 4888 1213 4948 loca
1243 4905 1313 4947 vero
1341 4887 1532 4965 longitudinis
1561 4896 1591 4947 et
1611 4884 1776 4947 latitudinis
1798 4901 1957 4962 eorumque
1979 4891 2076 4943 motus

721 4972 819 5049 medii,
840 4974 1122 5056 prosthaphaereses
1138 4982 1168 5036 et
1183 4974 1349 5036 anomaliae
1363 4978 1491 5037 numeris
1506 4976 1636 5054 figuratis
1651 4991 1704 5036 seu
1719 4973 1871 5050 iuglandis,
1895 4971 2076 5034 collectionis

727 5182 879 5307 1)ὼῶ
895 5197 963 5252 qm
985 5181 1105 5236 ‘mm'
1127 5181 1227 5234 melun
1250 5184 1388 5234 mmm
1411 5196 1531 5252 ⁰¹i>¹⁰⁸⁸⁸
1549 5187 1608 5234 ’ΠΝ
1623 5183 1706 5252 ¹7P¹⁸2
1733 5181 1846 5234 diluuii·
1863 5186 1923 5234 tunt
1938 5193 1972 5232 ex
1990 5176 2075 5228 eodlos
