5575 6342
1035 830 1095 887 Lib.
1114 831 1134 886 1.
1153 830 1280 887 Comatae
1299 830 1362 885 anni
1383 830 1458 886 rote.
1496 830 1585 901 Caput
1601 830 1624 884 1.
1964 832 2006 899 77

656 1027 701 1069 san
720 1010 809 1086 lapsu
832 1010 1005 1083 memoriae,
1034 1026 1088 1068 seu
1116 1026 1239 1084 graecae
1262 1008 1380 1084 linguae
1403 1010 1594 1085 ignoratione.
1640 1008 1746 1069 Tradit
1768 1014 1860 1086 enim,
1892 1012 1928 1072 de
1949 1012 2006 1071 hoe

657 1101 712 1173 ipso
735 1104 854 1158 cometa
877 1098 1013 1174 scripisse
1037 1096 1239 1169 Aristotelem,
1263 1113 1320 1155 non
1344 1097 1472 1169 trabem,
1501 1097 1553 1156 sed
1577 1105 1721 1157 cometam
1744 1098 1857 1172 luisse:
1879 1108 2006 1159 ceterum

656 1187 688 1243 ob
710 1187 835 1245 nimium
859 1184 992 1244 ardorem
1015 1202 1072 1243 uon
1098 1187 1268 1262 apparuisse
1291 1200 1424 1262 sparsum
1448 1186 1561 1258 iguem,
1592 1184 1643 1244 sed
1667 1184 1843 1262 procedente
1866 1194 2005 1264 tempore,

654 1290 712 1331 tum
737 1273 804 1349 jam
831 1274 929 1330 miuus
957 1272 1105 1349 flagraret,
1136 1271 1281 1332 redditam
1308 1288 1391 1330 suam
1422 1279 1554 1331 cornetae
1585 1272 1699 1332 faciem.
1745 1274 1838 1350 Atqui
1861 1274 1886 1331 si
1908 1274 2005 1333 locum

653 1360 818 1420 Aristotelis
842 1363 981 1435 requiras,
1004 1361 1046 1420 sic
1069 1358 1118 1417 ille
1140 1358 1281 1435 prodidit:
1306 1367 1422 1417 commo
1444 1358 1494 1416 ille
1517 1361 1698 1434 impensem.
1746 1361 1786 1419 Et
1808 1364 1912 1437 prima
1935 1366 2006 1438 qut-

652 1448 711 1505 dem
735 1444 958 1524 (apparitionis)
982 1447 1029 1505 die
1050 1464 1114 1507 non
1136 1454 1178 1505 est
1200 1449 1281 1505 obus
1303 1448 1380 1521 (ipse
1404 1464 1470 1505 curn
1492 1463 1546 1504 suo
1570 1446 1693 1523 eapite),
1725 1451 1836 1525 quippe
1859 1451 1913 1523 qui
1936 1456 2007 1507 onte

652 1534 747 1594 Solem
772 1534 940 1607 occidebat,
971 1535 1115 1609 postridie
1137 1551 1208 1592 vero
1230 1538 1312 1591 visus
1334 1542 1392 1607 est,
1423 1541 1576 1608 quantum
1599 1534 1748 1608 dabatur,
1779 1540 1854 1611 quio
1875 1538 2005 1593 urimimo

651 1623 778 1697 spatiolo
806 1621 1023 1698 insequebatur
1047 1621 1147 1680 Solem
1176 1626 1339 1697 statimque
1369 1621 1491 1694 occidit,·
1523 1628 1557 1678 ot
1581 1621 1684 1680 lumen
1708 1622 1847 1701 (caudae)
1875 1622 2007 1684 extendit

652 1710 688 1767 od
708 1713 835 1769 uetiam
858 1710 932 1770 coeli
952 1716 1088 1785 partem,
1112 1712 1211 1766 instar
1231 1709 1335 1783 suitur,
1358 1708 1430 1766 inde
1452 1716 1481 1766 et
1501 1711 1646 1767 semita
1669 1712 1842 1783 appellat-us
1865 1718 1915 1769 est.
1960 1710 2005 1767 En

653 1798 796 1857 infelicem
819 1796 951 1856 Senecae
974 1795 1202 1855 translationem.
1251 1797 1339 1871 Quis,
1369 1797 1464 1870 inquit
1486 1795 1612 1867 Seneca,
1640 1806 1828 1856 momentum
1851 1797 1930 1855 illud
1951 1798 2005 1857 ob·

653 1892 798 1957 servaret,
823 1902 885 1959 quo
907 1891 1030 1945 somnes
1052 1888 1085 1942 in
1108 1883 1185 1940 duas
1205 1891 1307 1958 portes
1328 1883 1444 1943 solutus
1465 1883 1527 1941 est?
1553 1882 1667 1942 Suiiicit
1690 1883 1793 1959 dicere,
1818 1886 2005 1945 observatum

654 1990 729 2047 esse3
754 1974 781 2031 si
805 1988 946 2047 quaerero
969 1973 1073 2047 pergit,
1098 1969 1270 2047 quonrodo't
1300 1973 1328 2027 in
1351 1981 1467 2045 promtu
1491 1980 1535 2029 est
1557 1971 1736 2046 exemplum,
1761 1973 1893 2032 maculae
1916 1970 2004 2031 Solis.

654 2059 722 2119 Nam
745 2076 825 2135 quae
848 2070 918 2117 sunt
940 2058 1028 2130 talia,
1058 2058 1109 2117 illa
1134 2066 1164 2115 ut
1188 2056 1283 2116 divisa
1307 2058 1476 2129 credamus,
1505 2056 1612 2116 suffieit
1634 2058 1726 2134 pridie
1748 2059 1880 2121 solitaria
1902 2062 2005 2137 sideri,

653 2147 792 2222 postridie
815 2145 946 2223 duplicia
967 2146 1099 2222 locisque
1123 2146 1228 2204 ricius.
1274 2144 1331 2205 Sed
1359 2144 1417 2203 huc
1438 2145 1575 2220 prolicuit
1597 2145 1740 2205 Senecam
1763 2148 1849 2207 ardor
1871 2150 2005 2227 disputa-

654 2237 750 2308 tionis,
784 2232 854 2291 dum
878 2232 1075 2308 Artemidoro,
1108 2248 1195 2307 quem
1223 2230 1423 2291 adversarium
1446 2233 1502 2290 sibi
1526 2231 1687 2309 delegerat,
1719 2233 1776 2293 hoc
1800 2238 1863 2296 vult
1884 2240 2004 2315 eripere,

654 2330 779 2381 cometas
808 2339 874 2379 non
902 2338 961 2381 esse
989 2322 1130 2395 copulam
1154 2320 1289 2379 duarum
1311 2322 1493 2396 perennium
1514 2320 1679 2379 stellarum.
1725 2320 1846 2399 Metuit,
1878 2342 1914 2384 ne
1938 2327 2005 2383 rin·

655 2419 727 2470 seret
749 2407 963 2478 Artemidorus,
987 2409 1041 2465 nisi
1067 2410 1129 2484 ipsc
1152 2415 1256 2465 testem
1277 2406 1322 2463 illi
1345 2406 1529 2465 subtraheret
1550 2406 1709 2483 Ephorum.
1756 2411 1796 2467 At
1819 2415 1915 2488 potuit
1937 2414 2005 2472 rin·

656 2514 715 2557 cers
738 2499 803 2555 sine
826 2496 933 2571 inJ'aria
956 2497 1103 2572 scriptoris
1127 2492 1247 2553 Graeci:
1272 2510 1329 2554 non
1353 2497 1431 2554 enirn
1454 2496 1482 2550 in
1507 2492 1580 2551 duas
1601 2512 1744 2568 perennes
1766 2498 1875 2574 stollas,
1900 2499 1951 2559 scd
1974 2501 2004 2557 in

656 2583 724 2643 daos
756 2593 888 2643 cometas
918 2581 1058 2659 partiales
1091 2589 1233 2641 cometam
1267 2598 1355 2640 unum
1385 2581 1515 2640 solutum
1542 2580 1592 2639 ille
1615 2585 1787 2657 scripserat,
1820 2585 1858 2646 de
1881 2604 2005 2663 quorum

655 2670 773 2747 singulis
803 2673 916 2746 integra
938 2669 1068 2730 Senecae
1097 2686 1162 2728 cum
1186 2670 1370 2728 Artemidoro
1393 2677 1543 2745 supererat
1565 2667 1749 2746 disceptatio.
1796 2673 1882 2732 Anno
1906 2676 2003 2745 etiarn,

656 2762 700 2835 qui
730 2769 855 2817 mortem
878 2759 1029 2834 Agrippae
1058 2758 1215 2816 antecessit
1242 2766 1271 2815 et
1293 2757 1392 2815 turbas
1415 2755 1542 2815 Herodis
1565 2755 1741 2816 domesticas
1764 2758 1839 2836 (erat
1865 2764 1912 2821 13.
1936 2768 2005 2821 ante

655 2864 748 2905 reram
765 2844 872 2905 Christi
888 2845 1083 2918 hodiernam),
1108 2844 1164 2902 Dio
1188 2842 1306 2903 exhibet
1330 2851 1475 2902 comatam
1498 2842 1622 2912 stellam,
1646 2862 1722 2920 quae
1744 2864 1797 2923 per
1819 2848 2005 2908 multosdies

656 2951 740 3010 supra
763 2933 865 2991 urbem
888 2949 1031 3009 suspensa
1053 2935 1082 2990 in
1104 2932 1212 2991 multas
1234 2932 1312 2989 iaces
1336 2931 1480 2989 dissoluta
1501 2932 1547 2990 sit.
1587 2930 1672 2990 Vixit
1686 2950 1721 2992 eo
1736 2944 1866 3010 tempore
1882 2936 2004 3009 Seneca,

655 3037 702 3080 nec
726 3028 826 3080 tamen
850 3018 932 3093 vidit,
956 3019 1074 3095 quando
1098 3029 1213 3078 cometa
1235 3018 1360 3088 dissiliit,
1384 3021 1441 3077 etsi
1462 3018 1551 3092 hujus
1573 3020 1662 3077 etiam
1685 3020 1734 3079 lib.
1757 3022 1841 3081 VIII.
1866 3040 1929 3101 cap.
1956 3027 2004 3084 li.

656 3124 708 3168 mo
732 3108 825 3167 verbo
848 3110 1019 3181 meminerit,
1042 3107 1154 3166 seilicet
1176 3115 1306 3165 cornetae
1329 3108 1384 3164 sub
1409 3106 1544 3182 Augusto
1567 3106 1633 3164 visi.

756 3194 930 3271 Exemplum
952 3198 1041 3271 igitur
1064 3210 1099 3254 cx
1122 3196 1297 3270 antiquitate
1325 3203 1456 3252 conlatae
1487 3195 1572 3251 unius
1597 3195 1625 3250 in
1649 3191 1722 3252 duos
1746 3195 1834 3254 divisi
1862 3204 1922 3256 stat
1945 3197 2004 3255 illi·

655 3283 769 3358 bstum;
800 3282 838 3340 ad
861 3281 940 3359 quod
963 3290 1059 3340 utrum
1082 3280 1112 3339 bi
1137 3281 1194 3339 duo
1219 3288 1349 3340 cornetae
1372 3283 1480 3339 mensis
1502 3280 1678 3339 Novembris
1701 3283 1859 3358 quadrent,
1883 3284 2006 3344 historia

655 3372 889 3430 observationum
920 3377 983 3428 toto
1014 3369 1085 3428 orbo
1113 3369 1279 3427 habitarum
1307 3369 1475 3441 testabitur,
1510 3370 1679 3445 praesertim
1708 3370 1750 3442 si,
1782 3372 1832 3446 qui
1863 3387 2004 3431 oceanum

655 3458 778 3517 indicum
801 3460 991 3533 navigarunt,
1022 3455 1175 3532 diligenter
1199 3454 1383 3515 attenderint.
1427 3455 1489 3513 Etsi
1513 3456 1574 3514 lieri
1598 3463 1707 3533 potest,
1738 3464 1771 3515 ut
1794 3466 1853 3517 tam
1875 3461 2004 3519 vicinum

656 3547 724 3606 iuter
748 3546 833 3604 initia
847 3544 947 3603 Solem
969 3544 1103 3602 babuerit
1125 3552 1248 3615 comata,
1271 3553 1303 3601 ut
1325 3542 1408 3601 nulla
1432 3545 1460 3599 in
1479 3554 1562 3620 parte
1577 3544 1655 3602 orbis
1672 3546 1749 3603 cerni
1766 3548 1902 3622 potuerit,
1925 3546 2005 3622 quod

656 3636 739 3693 etiam
763 3632 807 3691 illi
831 3640 963 3691 cometam
986 3633 1116 3706 contigit,
1140 3631 1176 3689 de
1200 3647 1258 3706 quo
1282 3630 1466 3689 Aristoteles.

754 3720 800 3779 Ne
823 3736 894 3778 vero
916 3724 1096 3796 praeteream
1120 3720 1291 3794 quicquam,
1320 3717 1400 3793 quod
1423 3717 1591 3777 adsumam
1614 3726 1745 3777 cometae
1768 3722 1907 3795 pertinet,
1932 3719 2004 3779 illud

656 3808 746 3866 obiter
769 3805 1054 3868 commemorandum
1078 3807 1191 3878 censui,
1223 3804 1270 3864 die
1296 3810 1344 3864 10.
1370 3805 1421 3864 20.
1446 3802 1582 3864 Octobris
1612 3808 1727 3883 vesperi
1750 3806 1822 3867 hora
1844 3826 1863 3867 a
1884 3807 2004 3868 meridie

656 3898 776 3974 septima
806 3912 872 3955 cum
900 3894 1020 3953 dimidia
1047 3893 1085 3952 ad
1107 3892 1186 3952 Nicri
1216 3894 1294 3969 ripas
1324 3896 1352 3949 in
1377 3892 1604 3969 Wirtenrbergia
1635 3896 1730 3952 visum
1759 3912 1824 3955 essa
1847 3897 1886 3955 ab
1909 3897 2003 3956 arnico

656 3998 714 4043 meo
738 3981 900 4043 Wilhelmo
923 3978 1116 4053 Schiclrardo,
1148 3978 1275 4039 siderum
1303 3980 1485 4055 speculatore
1515 3980 1631 4055 scdulo,
1660 3980 1815 4041 draconem
1844 3983 2004 4063 volantem,

657 4088 702 4130 sau
725 4069 874 4130 vocabulo
898 4075 1015 4129 vetusto
1037 4068 1144 4140 lacem,
1176 4084 1252 4143 quae
1276 4086 1294 4126 a
1317 4069 1413 4142 capito
1437 4066 1642 4129 Andromedae
1671 4086 1723 4145 per
1746 4069 1860 4130 Piscem
1884 4072 2004 4130 boreum

658 4158 725 4217 inter
748 4163 839 4234 caput
855 4158 961 4216 Arietis
977 4164 1005 4216 et
1022 4156 1198 4231 triangulum
1221 4155 1259 4213 ad
1282 4157 1385 4213 rictum
1401 4154 1464 4214 Ceti
1487 4150 1685 4232 descendit.⁷)
1730 4156 1839 4216 Verum
1862 4158 1919 4217 hoc
1941 4158 2004 4218 ele·

656 4253 780 4305 mantare
802 4251 964 4303 mersorum
987 4251 1101 4302 cometa
1125 4242 1182 4300 dici
1205 4259 1261 4300 non
1285 4250 1419 4301 meretur.
1466 4240 1552 4316 Quod
1575 4244 1662 4320 igitur
1685 4242 1721 4301 de
1745 4245 1796 4303 30.
1820 4243 1885 4306 Oet.
1913 4245 2004 4305 Colo-

658 4335 701 4393 nia
715 4334 882 4410 Agrippina
905 4333 1095 4409 perscriptum
1119 4337 1325 4389 commemorat
1341 4327 1474 4403 Ursinus,
1497 4333 1593 4388 visum
1617 4348 1681 4390 esse
1702 4339 1844 4390 cometam
1860 4332 1898 4392 ad
1914 4332 2004 4391 Borr-

658 4418 818 4496 bapelioten
843 4426 936 4478 tractu
959 4419 1071 4477 candae
1092 4417 1198 4493 longo,
1229 4420 1278 4493 qni
1307 4433 1364 4475 non
1389 4417 1439 4474 diu
1463 4416 1623 4489 duraverit,
1656 4417 1685 4475 id
1707 4427 1779 4494 puto
1803 4419 1839 4478 de
1862 4420 1917 4479 lroc
1938 4438 2004 4480 me·

659 4516 742 4583 teoro,
767 4506 847 4583 quod
870 4513 938 4565 ante
965 4512 1002 4564 10
1027 4506 1089 4564 dies
1113 4507 1141 4562 in
1165 4505 1390 4580 Wirtembergia
1414 4506 1518 4581 visum,
1542 4504 1744 4582 accipiendum
1767 4522 1843 4565 esse.

752 4594 883 4653 Primam
914 4600 1012 4653 autem
1043 4593 1149 4651 tamam
1183 4601 1313 4652 cometae
1344 4591 1464 4650 secundi
1494 4594 1649 4652 excitatam
1679 4595 1796 4652 invenio
1823 4594 1945 4653 Novesii
1973 4597 2002 4652 in

659 4679 756 4741 silesia
779 4692 808 4741 et
830 4681 952 4740 Romae.
997 4680 1047 4740 Sic
1076 4682 1152 4738 enirn
1184 4679 1219 4739 de
1246 4680 1302 4739 hae
1325 4680 1404 4738 lama
1425 4680 1541 4755 scripsit
1563 4678 1585 4738 J
1592 4697 1728 4740 oannes
1750 4679 1886 4740 Romus
1909 4680 2004 4755 Quie-

658 4775 744 4843 tanus,
770 4770 844 4847 Imp.
861 4768 995 4829 Caesaris
1010 4766 1155 4827 Matthiae
1177 4767 1308 4827 medicus
1331 4776 1360 4825 et
1381 4766 1614 4839 mathematicus,
1637 4766 1738 4827 libello
1762 4768 1798 4826 de
1817 4769 1874 4827 hoc
1889 4775 2003 4828 cometa

659 4856 728 4915 edito
751 4855 928 4934 Oeuiponti:
953 4853 993 4914 ln
1016 4856 1124 4915 silesia
1146 4854 1206 4913 diei
1230 4857 1275 4913 10.
1300 4854 1476 4914 A-'ocemlm's
1498 4855 1576 4914 boso
1591 4859 1620 4914 4.
1639 4856 1864 4931 postmodium
1885 4864 2002 4916 uocum

660 4945 751 5004 cirum
773 4962 833 5004 esse
854 4950 1019 5004 metrorum
1042 4946 1174 5018 ipatttrm
1195 4944 1297 5018 fipura
1317 4959 1441 5017 prunae
1461 4942 1652 5018 struthionis,
1676 4943 1710 5001 id
1730 4951 1772 5001 est
1792 4946 2002 5018 incurvatum·

661 5032 849 5108 ruodpertus
872 5040 1003 5091 cometae
1025 5038 1135 5090 veteres
1157 5034 1303 5089 cerotiom
1326 5031 1480 5089 diamant.
1517 5029 1632 5089 Romae
1654 5045 1727 5091 aero
1749 5031 1797 5089 die
1812 5034 1852 5090 ll.
1869 5030 2003 5091 Novem·

660 5115 711 5177 tra
740 5124 840 5180 visam
868 5136 927 5178 esse
955 5118 1069 5177 trabem
1101 5121 1231 5194 ipnitom
1256 5134 1357 5176 uersus
1379 5121 1544 5189 orientem·
1575 5117 1722 5177 adduntur
1745 5119 1836 5177 rerba
1859 5119 2003 5177 observa-

660 5209 738 5265 toris:
770 5209 812 5268 ati
840 5209 939 5266 tristor
967 5207 1062 5266 trabis
1089 5223 1202 5283 puram
1232 5212 1379 5263 errrvntae
1401 5207 1435 5263 in
1458 5208 1644 5264 cameratiori
1671 5207 1892 5279 obseruatione,
1923 5223 2003 5281 quoe

660 5290 733 5365 {odo
754 5296 802 5355 die
824 5295 872 5355 10.
897 5292 1092 5368 Novembris,
1124 5293 1163 5353 ab
1190 5292 1268 5352 bora
1291 5294 1336 5353 to.
1360 5294 1412 5351 20¹
1434 5292 1593 5368 usquead
1612 5292 1722 5354 bosom
1744 5294 1790 5352 18.
1813 5294 1873 5356 40⁴.
1917 5291 2002 5370 Quae
