5575 6342
1236 776 1409 832 Prooemium
1427 773 1556 832 Editoris.
2050 772 2073 841 7

706 956 815 1014 mentis
838 956 983 1033 leguntur,
1008 971 1085 1033 qnae
1107 961 1180 1033 typo
1203 957 1370 1029 obstabant,
1394 972 1482 1031 quem
1506 954 1623 1015 tandem
1642 954 1794 1033 Augustae
1819 953 1979 1015 cenandum
2004 968 2072 1011 sue-

707 1043 824 1119 cepisse
849 1042 964 1105 videtur
986 1042 1167 1116 Herwartus,
1190 1047 1215 1102 si
1238 1044 1294 1103 hoe
1317 1062 1332 1102 c
1358 1044 1455 1103 verbis
1478 1042 1607 1120 Kepleri,
1631 1042 1816 1102 Hcrwartum
1840 1041 2017 1118 alloquentis
2040 1040 2068 1097 in

707 1129 897 1191 dedicatione
919 1130 1059 1203 secunde,
1083 1131 1256 1191 concludere
1278 1131 1357 1190 licet.
1395 1131 1439 1188 llx
1462 1129 1520 1189 illis
1542 1130 1665 1189 Tanchii
1690 1130 1823 1206 epistolis
1846 1138 1976 1206 apparet,
2002 1143 2071 1202 par-

706 1230 769 1275 tem
798 1221 862 1294 typi
887 1219 1004 1296 Lipsiae
1033 1227 1095 1277 tum
1124 1222 1263 1295 temporis
1293 1218 1459 1277 absolutam
1491 1218 1598 1292 inisse,
1631 1218 1709 1292 qnod
1741 1221 1829 1277 etiam
1860 1220 1923 1294 lpse
1949 1221 2072 1274 testatur

707 1303 859 1381 Keplerus
888 1308 917 1364 in
947 1305 1132 1366 dedicatione
1163 1309 1250 1365 tertia
1280 1304 1317 1365 ad
1347 1305 1380 1364 l..
1405 1305 1440 1365 B.
1486 1305 1640 1364 Erasmum
1672 1306 1701 1363 in
1733 1304 1910 1381 Starenberg
1941 1303 2071 1362 scribens

710 1409 791 1450 anno
817 1394 911 1466 1607,
935 1395 1050 1452 mittere
1072 1411 1104 1452 se
1130 1392 1281 1468 „libellum
1305 1392 1341 1452 de
1356 1393 1459 1470 nuperi
1475 1400 1607 1452 cometae
1622 1392 1915 1467 significationibus.“
1957 1391 2072 1448 hiterac

709 1479 933 1557 Starcmbergii,
958 1498 1032 1555 quas
1057 1480 1127 1540 dicit
1149 1480 1294 1556 Keplerns
1317 1482 1345 1537 in
1370 1479 1490 1539 exordio
1514 1480 1604 1555 hujus
1628 1479 1829 1553 dedicationis,
1852 1479 1908 1538 hac
1931 1489 2012 1537 stunt:

816 1578 975 1634 clarissime
993 1587 1020 1634 et
1038 1580 1201 1635 Doctissime
1219 1581 1276 1632 Vir.
1312 1578 1441 1633 Intellexi
1460 1594 1516 1634 nnn
1534 1579 1573 1632 ita
1591 1577 1708 1647 pridem,
1735 1586 1765 1632 te
1784 1578 1818 1633 tle
1836 1592 1906 1631 nova
1924 1578 2004 1632 stella
2023 1594 2071 1633 seu

707 1665 834 1727 cometa,
860 1673 942 1724 qnam
960 1673 1010 1712 nos
1029 1658 1120 1713 ethic
1139 1659 1282 1728 aliquoties
1300 1658 1433 1726 uidimus,
1456 1658 1589 1727 judicium
1616 1666 1693 1713 tuum
1718 1657 1828 1711 doctum
1847 1658 1875 1709 in
1894 1656 1981 1711 lucem
2000 1657 2072 1711 evul-

709 1749 801 1804 gasse.
839 1736 997 1791 Commotus
1016 1736 1110 1805 itaque
1128 1736 1307 1791 admiratione
1325 1736 1364 1790 tui
1383 1736 1534 1791 acutissimi
1548 1736 1662 1804 judicii,
1686 1752 1740 1805 qno
1765 1751 1836 1790 nuuc
1854 1735 1955 1790 nutritos
1973 1736 2025 1791 hac
2043 1737 2070 1790 in

709 1813 884 1883 professione
901 1814 1056 1870 matheseos
1074 1815 1155 1882 longe
1174 1812 1321 1877 antecellis,
1341 1813 1415 1882 qnod
1435 1814 1537 1883 scripta
1556 1823 1604 1868 tua
1622 1814 1695 1869 edita
1710 1814 1818 1868 diversa
1831 1812 1897 1866 satis
1911 1813 2072 1884 abundeque

708 1890 868 1961 declarant,
902 1893 979 1947 auxit
1001 1895 1028 1947 in
1054 1909 1096 1948 me
1114 1892 1226 1946 mirifice
1245 1890 1408 1946 desiderium
1434 1892 1541 1962 legendi
1560 1892 1611 1947 hoc
1630 1899 1707 1948 tuum
1726 1891 1911 1961 nuperrimam
1930 1891 2071 1960 scriptum.

709 1971 783 2024 Cura
801 1988 878 2041 ergo,
896 1972 933 2025 mi
950 1971 1076 2041 Keplere,
1096 1979 1126 2025 ut
1145 1978 1172 2025 et
1190 1969 1226 2024 ad
1243 1984 1293 2026 nos
1311 1971 1510 2039 quamprimum
1528 1972 1687 2040 perueniant
1706 1971 1758 2025 hae
1777 1979 1841 2026 tuac
1859 1969 2070 2039 lucubrationes,

658 2110 662 2117 ,
706 2052 756 2118 qni
775 2051 924 2105 eruditioni
942 2060 970 2105 et
987 2051 1131 2106 virtutibus
1150 2049 1205 2104 tuis
1224 2063 1395 2116 summopere
1415 2048 1551 2112 iuremus,
1570 2056 1598 2104 et
1617 2056 1691 2104 certo
1709 2049 1760 2104 tibi
1779 2048 1956 2117 persuadeas,
1975 2065 2018 2105 me
2031 2052 2071 2106 tui

707 2145 764 2181 uon
793 2128 884 2182 solnm
908 2136 1060 2195 amantem,
1088 2129 1137 2183 sed
1161 2129 1243 2182 etiam
1268 2128 1340 2182 omni
1363 2128 1467 2182 honere
1493 2128 1526 2181 ab
1546 2129 1671 2184 omnibus
1689 2136 1717 2183 te
1735 2128 1921 2196 dignissimum
1937 2129 2072 2196 judicare.

710 2208 781 2260 Vale
799 2220 828 2261 et
845 2225 889 2261 me
907 2225 975 2264 ama.
1014 2211 1157 2263 Dabuntur
1175 2222 1209 2260 ex
1228 2208 1298 2259 Arce
1316 2214 1344 2259 et
1363 2206 1478 2261 Ciuitate
1497 2214 1591 2261 nostra
1611 2206 1803 2276 Eterdingcnsi
1822 2210 1884 2271 (dies
1904 2210 1991 2276 deest).

815 2287 846 2342 P.
866 2288 893 2342 S.
914 2289 981 2343 Cum
1000 2287 1041 2342 Ill.
1060 2288 1131 2341 Baro
1149 2284 1323 2351 Zelkingius,
1342 2283 1433 2337 affinis
1451 2300 1541 2352 meus,
1561 2300 1635 2339 nuuc
1652 2285 1769 2353 Progne.
1789 2284 1896 2352 legatus
1915 2284 2070 2356 Procerum,

710 2374 906 2439 commoretur,
927 2369 1039 2424 dabitur
1056 2367 1106 2421 tibi
1125 2364 1232 2420 occasio
1251 2362 1376 2419 mittendi
1396 2370 1472 2417 tuum
1491 2364 1629 2432 scriptum,
1649 2365 1723 2433 qnod
1741 2370 1883 2433 tantopere
1902 2362 2034 2420 desidero.

818 2705 857 2752 De
876 2708 938 2766 typo
956 2700 1017 2750 libri
1036 2704 1075 2751 sul
1094 2703 1125 2751 de
1143 2699 1247 2749 Oometa
1264 2701 1323 2749 anni
1338 2700 1406 2748 1607
1424 2713 1468 2761 pcr
1486 2700 1570 2747 literas
1590 2701 1642 2759 egit
1660 2697 1792 2761 Keplerns.
1814 2704 1842 2747 nt
1860 2712 1935 2762 snpra
1953 2699 2072 2764 diximus,

707 2790 769 2825 cunr
786 2775 955 2824 Joechlmn
974 2773 1129 2825 Tanokio.
1157 2773 1295 2834 professore
1315 2771 1448 2830 lipsiensi.
1469 2770 1598 2831 Epistulae
1617 2769 1718 2832 quidem
1739 2770 1840 2832 Kepleri
1859 2770 1890 2817 ad
1909 2769 1996 2821 illum.
2019 2785 2071 2821 una

706 2853 816 2907 excepta
835 2842 894 2910 (eir.
914 2842 964 2894 vol.
983 2844 1002 2891 1.
1022 2858 1046 2905 p.
1067 2839 1131 2907 stu)
1162 2855 1247 2889 omnes
1266 2844 1407 2903 perierunt,
1435 2853 1491 2887 curu
1510 2840 1616 2887 l'anctti
1640 2841 1813 2900 responsiones
1832 2854 1918 2888 ornnes
1938 2843 2070 2903 supersint.

707 2915 775 2964 Gnrn
795 2929 852 2963 vero
872 2928 902 2962 ex
921 2915 961 2961 his
979 2913 1045 2961 hand
1065 2915 1170 2961 obscure
1189 2913 1300 2975 eluceat,
1326 2911 1387 2974 qnid
1409 2908 1530 2970 lieplerus
1550 2908 1668 2969 voluerit,
1696 2923 1742 2955 nec
1760 2924 1809 2957 non
1829 2911 1955 2958 sententia
1972 2911 2071 2973 profes·

708 3000 796 3034 sornm
814 2986 985 3046 Lipsiensinm
1008 2983 1040 3031 de
1066 2988 1217 3031 cometarum
1242 2988 1331 3029 nature
1357 2981 1466 3043 aliisquo
1484 2985 1616 3041 appareat,
1643 2981 1724 3027 visum
1745 2986 1794 3039 est,
1821 2981 1939 3041 epistolas
1957 2980 2071 3048 Tanokii,

707 3061 835 3117 quantum
854 3054 888 3101 ad
906 3060 1016 3102 cometas
1034 3054 1169 3115 pertinent,
1188 3053 1227 3099 hle
1247 3055 1364 3099 inserere.

816 3126 899 3173 Prima
917 3124 1024 3171 'l'euchii
1043 3124 1150 3184 epistola
1170 3125 1228 3169 haec
1247 3128 1297 3170 est:
1323 3121 1347 3169 S.
1367 3118 1511 3166 Clarissime
1531 3125 1554 3167 et
1574 3120 1726 3167 Ductissime
1745 3121 1803 3183 Vir,
1821 3121 1899 3167 amice
1917 3120 2070 3171 honorande.

708 3196 834 3244 Exhibuit
860 3195 923 3241 mihi
942 3194 970 3242 N.
990 3193 1020 3241 N.
1042 3197 1176 3241 tractatum
1195 3197 1265 3239 tuum
1284 3191 1315 3238 do
1334 3189 1437 3237 Gonreta
1459 3202 1538 3250 nuper
1555 3191 1610 3237 viso
1629 3191 1669 3236 hic
1687 3192 1754 3251 typis
1774 3189 1896 3237 edendnm
1917 3191 2071 3251 expetiitque

707 3280 794 3313 meum
814 3267 840 3312 in
859 3265 907 3312 hec
926 3278 951 3311 re
970 3261 1111 3326 consilinm,
1130 3262 1199 3326 qnod
1218 3265 1239 3309 ei
1260 3275 1309 3308 non
1328 3261 1461 3321 denegati,
1481 3259 1524 3305 sed
1545 3264 1667 3320 preminur
1686 3274 1725 3306 me
1744 3261 1782 3307 illi
1802 3262 1914 3316 exhibui,
1933 3274 1983 3306 non
2002 3260 2071 3324 quod

707 3337 736 3384 id
756 3336 867 3383 maxime
885 3346 1030 3395 promovere
1049 3335 1157 3395 cupiam,
1177 3332 1220 3379 sed
1238 3332 1362 3393 inprimis,
1382 3330 1450 3392 quud
1469 3335 1527 3375 tuus
1546 3330 1628 3377 foetus
1647 3331 1687 3388 sit,
1706 3332 1779 3379 amiel
1796 3330 1898 3393 quidem
1911 3333 1958 3377 mei
1974 3330 2068 3377 charis·

708 3406 784 3469 simi,
811 3418 913 3467 operam
940 3406 1028 3467 itaque
1047 3403 1165 3465 daturus,
1191 3408 1220 3448 ut
1238 3403 1291 3449 sine
1311 3400 1407 3447 mendis
1425 3400 1524 3448 edatur.
1562 3401 1594 3447 Et
1613 3402 1672 3463 quia
1690 3401 1717 3446 in
1736 3406 1796 3461 typo
1816 3400 1940 3460 descripto
1960 3404 2070 3448 cometae

708 3475 805 3523 erudiri
831 3475 901 3534 eupit
924 3473 1106 3535 typographus,
1130 3471 1203 3519 illum
1222 3473 1356 3529 instruam,
1381 3475 1410 3517 ut
1428 3470 1452 3517 in
1473 3484 1500 3517 ea
1519 3484 1619 3533 qnoque
1638 3475 1708 3530 parte
1727 3468 1790 3517 nihil
1809 3470 1883 3519 desit.
1921 3471 1947 3518 Si
1965 3471 1992 3516 ln
2010 3468 2070 3518 aliis

708 3547 784 3593 rebus
805 3558 886 3592 meam
906 3542 1013 3605 opellam
1032 3544 1146 3605 requiris,
1166 3556 1221 3589 eum
1239 3542 1286 3589 tibi
1306 3543 1501 3602 promtissimam
1520 3542 1603 3589 aliern.

817 3615 973 3662 hleotionem
995 3613 1057 3660 iacis
1079 3617 1200 3660 tractatus
1226 3613 1262 3659 tni
1286 3612 1348 3658 editi
1367 3611 1398 3658 de
1417 3614 1511 3657 cometa
1530 3609 1618 3663 latini,
1646 3622 1720 3673 qnem
1738 3621 1788 3656 non
1807 3609 1868 3659 aidi.
1906 3607 2022 3670 Quaeso,
2047 3611 2069 3658 si

709 3685 781 3746 apud
798 3699 845 3732 vos
864 3683 945 3731 adhuc
963 3682 1116 3744 exemplaria
1133 3687 1256 3742 prostant.
1274 3682 1345 3728 mitte
1363 3681 1397 3727 ad
1415 3694 1454 3727 me
1472 3694 1558 3743 unrrm,
1578 3682 1684 3741 pretinm
1702 3681 1816 3738 proxime
1834 3679 1868 3727 ed
1887 3685 1912 3726 te
1930 3683 2037 3728 mittam.

818 3755 888 3807 Vale.
908 3755 963 3800 rire
983 3760 1008 3800 et
1025 3753 1102 3811 salve,
1122 3754 1167 3799 Vir
1184 3751 1399 3812 praestantissime
1419 3757 1443 3798 et
1461 3753 1533 3799 unice
1553 3750 1753 3799 honoratissime.

783 3842 876 3890 Datum
896 3840 997 3900 Lipsiae
1017 3841 1058 3891 1e.
1078 3839 1138 3888 Dec.
1160 3840 1235 3887 1607.

1593 3906 1620 3954 Τ.
1639 3903 1801 3958 Joacltimus
1821 3902 1965 3959 Tanaitica.

818 4049 875 4100 Pe.
895 4046 957 4096 Cum
969 4049 1089 4097 hactenns
1101 4063 1140 4096 me
1153 4054 1233 4096 totum
1252 4049 1300 4095 sihi
1315 4046 1442 4095 Medicina
1460 4052 1484 4096 et
1497 4042 1600 4094 cnemis
1620 4046 1764 4105 vindicaret,
1783 4048 1880 4096 interea
1896 4046 2069 4097 mathematico

710 4120 795 4169 studio
815 4133 902 4167 vacam
919 4132 970 4166 uon
988 4120 1069 4181 potui,
1088 4127 1115 4165 ut
1135 4120 1304 4166 observassem
1323 4120 1376 4178 ipsc
1394 4131 1494 4180 qunque
1513 4114 1640 4164 Comatam
1660 4130 1738 4177 nuper
1757 4118 1845 4164 visum.

817 4191 865 4238 Die
884 4191 926 4238 stt.
945 4190 1007 4239 Dec.
1026 4191 1092 4238 1607
1114 4191 1173 4238 haec
1192 4190 1236 4237 dat
1254 4190 1380 4236 Tenclrius
1401 4187 1524 4249 lieplero:
1544 4185 1686 4234 Clarissimo
1706 4193 1730 4233 et
1749 4186 1891 4236 <lectissime
1909 4184 1963 4235 Vir.
1993 4185 2070 4234 'l'rec-

713 4266 783 4308 tatns
802 4266 861 4308 tuus
879 4259 910 4307 de
930 4260 1033 4307 cometis
1052 4262 1118 4320 typis
1137 4264 1176 4307 est
1194 4260 1342 4320 exscriptus,
1362 4272 1446 4305 rernm
1465 4258 1542 4305 nostri
1560 4255 1712 4303 aristotelici
1731 4270 1794 4319 quae
1808 4258 1838 4305 de
1851 4257 1981 4318 spiritibus
1995 4257 2071 4303 habes

709 4331 845 4378 admittere
863 4331 1004 4379 nolnernnt.
1035 4329 1127 4376 Verum
1145 4344 1220 4389 copon
1240 4329 1298 4376 dum
1318 4329 1395 4375 videri
1415 4327 1510 4392 volunt,
1529 4321 1645 4385 acopon,-
1663 4341 1688 4373 se
1702 4342 1754 4374 esse
1769 4327 1913 4375 usterrdunt.
1945 4325 2068 4374 Jnrarnut

711 4404 737 4448 in
758 4403 834 4448 rerba
852 4401 966 4460 magistri
985 4401 1024 4447 sni
1043 4405 1067 4446 et
1085 4400 1116 4447 ad
1135 4412 1251 4447 nauseam
1270 4413 1350 4462 usque
1369 4398 1514 4458 clamitant,
1542 4402 1650 4443 cometas
1676 4412 1728 4444 esse
1753 4398 1932 4444 exhalationes.
1969 4395 2070 4443 Malunt

710 4483 872 4519 errareeum
892 4469 1040 4532 Aristotele,
1067 4484 1139 4531 quarn
1164 4483 1220 4517 cum
1244 4468 1451 4531 prudentioribus
1474 4481 1569 4529 sapere.
1606 4467 1634 4513 ln
1661 4480 1737 4514 coeno
1757 4466 1944 4514 exhalationnm
1963 4465 2069 4512 demersi

712 4547 781 4601 sant,
801 4545 830 4588 nt
847 4540 879 4588 ad
897 4554 988 4603 puram
1005 4537 1086 4587 lucem
1105 4554 1232 4602 nunqnam
1250 4540 1379 4600 peruenire
1399 4539 1506 4599 possint.
1542 4536 1589 4585 Sed
1610 4536 1781 4601 relinquamus
1800 4539 1861 4598 ipsis
1881 4538 1986 4583 cortices
2003 4536 2069 4583 lem-

711 4611 825 4674 bendos,
852 4625 898 4658 nos
924 4611 1041 4658 ntrolenm
1069 4614 1205 4671 captemus.
1243 4610 1341 4657 Prosilit
1369 4609 1442 4654 etiam
1468 4608 1500 4655 ad
1524 4608 1605 4654 luceru
1631 4607 1660 4653 da
1686 4613 1784 4654 cometa
1807 4611 1927 4654 tractatus
1950 4604 2070 4653 Rndravii

712 4681 812 4743 rRRemi),
830 4695 886 4729 meo
903 4681 999 4741 judicio
1019 4694 1068 4727 non
1087 4680 1263 4740 aspernandus,
1284 4683 1354 4739 quns
1374 4679 1421 4725 tibi
1440 4676 1566 4738 exentplar
1586 4679 1673 4740 nritt03
1690 4677 1814 4736 judicium
1829 4684 1898 4724 trrum
1912 4676 1942 4723 de
1955 4689 1983 4722 eo
2001 4676 2069 4739 qnod

710 4754 760 4815 sit,
787 4764 805 4798 a
822 4756 847 4798 te
865 4758 923 4814 peto
942 4750 1004 4798 mihi
1023 4751 1199 4798 conrmnnices.
1237 4751 1296 4810 Agit
1320 4751 1345 4795 in
1371 4753 1423 4795 totn
1441 4745 1507 4794 libro
1526 4748 1689 4809 Theophrasti
1709 4747 1875 4809 discipulum,
1903 4752 1988 4793 auctor
2006 4747 2068 4793 mihi

711 4827 788 4868 notus
807 4835 858 4868 non
876 4827 928 4883 est,
956 4821 997 4868 his
1014 4826 1096 4867 nmen
1116 4820 1235 4866 nundinis
1260 4832 1378 4881 quaerum
1406 4820 1560 4865 (secesionem
1591 4818 1621 4865 ad
1642 4832 1696 4864 euru
1716 4818 1849 4865 scribendi.
1888 4817 1987 4877 adjecit
2005 4829 2068 4863 rion-

711 4889 785 4937 unlla
808 4891 834 4936 in
859 4891 1040 4937 mathematicis
1058 4891 1200 4952 paradoxa;
1224 4891 1285 4953 qnid
1305 4889 1335 4935 tls
1354 4889 1392 4935 his
1412 4890 1516 4941 sentiet.
1540 4902 1571 4935 ex
1591 4890 1647 4950 ipso
1666 4888 1816 4950 perquiram.
1853 4887 1921 4934 Nihil
1939 4891 2070 4946 praeterea

711 4960 744 5007 de
762 4961 867 5007 cometis
885 4960 934 5006 hnc
952 4973 1031 5022 usqne
1051 4960 1111 5013 vidi,
1130 4961 1180 5006 nisi
1198 4961 1306 5020 pastoris
1325 4960 1432 5019 alieuius
1445 4956 1572 5021 iliiehleri)
1591 4960 1719 5023 scriptum,
1738 4958 1806 5020 quod
1825 4955 1919 5004 nullius
1938 4960 1976 5003 est
1993 4957 2067 5019 ertis3

709 5036 844 5092 propterea
866 5043 917 5077 non
941 5030 1018 5077 libuit
1034 5031 1148 5092 mittere,
1174 5034 1212 5075 est
1230 5043 1319 5091 nempe
1337 5029 1511 5089 transcriptum
1532 5030 1622 5088 magis.
1648 5042 1722 5091 qnam
1742 5030 1872 5089 scriptum.
1908 5026 1936 5075 Si
1955 5025 2017 5088 quid
2035 5026 2068 5072 ab

710 5102 771 5147 aliis
790 5099 883 5147 editum
902 5100 941 5147 his
959 5099 1079 5147 nundinis
1098 5099 1129 5145 ad
1148 5113 1194 5146 nos
1212 5097 1333 5160 perlatum
1352 5098 1437 5157 inerit,
1455 5098 1547 5145 iscium
1566 5107 1590 5145 te
1609 5100 1736 5145 certiorem
1756 5104 1780 5145 et
1793 5099 1890 5145 mittam
1905 5096 1938 5143 ad
1952 5102 1975 5142 te
1988 5097 2068 5156 scrip-

711 5178 796 5217 torum
814 5167 946 5230 exemplar.
977 5170 1102 5230 Exspecto
1119 5167 1228 5216 latinum
1246 5174 1315 5217 tntum
1335 5168 1365 5216 ‹le
1384 5172 1480 5216 comet-a
1498 5170 1626 5231 scriptum.
1659 5169 1720 5216 Vale
1739 5174 1764 5215 et
1781 5169 1859 5226 salve,
1876 5168 1923 5214 Vir
1939 5171 2068 5227 praesten-

710 5241 810 5288 tissisns
828 5244 853 5287 et
871 5239 1010 5313 Tenelium
1033 5245 1104 5287 tuum
1122 5244 1248 5287 amantem
1266 5246 1291 5288 te
1309 5239 1415 5289 redama.
1453 5236 1536 5304 (liisit
1561 5237 1676 5288 libellum
1699 5252 1772 5286 suum
1791 5238 1899 5300 Keplsro
1917 5237 1972 5311 ipse
1989 5235 2067 5285 Eich-.
