5575 6342
1109 526 1167 581 Lib.
1187 527 1208 579 1.
1229 528 1356 583 Cometes
1374 527 1438 580 anni
1455 527 1533 582 1618.
1570 526 1659 595 Caput
1677 528 1699 583 Ι.
2036 528 2078 595 '19

722 702 828 777 illuxit,
855 704 1049 781 cogitationes
1072 712 1231 782 occupatas
1254 711 1363 777 tenent,
1387 706 1481 780 ignari
1503 704 1696 781 penultimum
1718 704 1888 779 sevidisse,
1911 705 2080 765 distinctum

720 791 809 867 plane
842 791 881 849 ab
910 790 1023 851 ultimo.
1068 791 1143 851 Nam
1170 792 1307 868 'iubinga
1337 792 1455 868 quidem
1486 792 1523 851 ed
1552 811 1599 853 me
1626 795 1819 868 perscriptum
1845 792 1900 852 luit
1922 812 1940 851 a
1961 791 2079 853 Joaunc

717 878 939 952 Straussio,
970 878 1003 938 L.
1028 879 1065 939 A.
1089 881 1245 955 magistro,
1278 882 1329 955 qui
1358 888 1426 938 ante
1454 880 1603 939 biennium
1626 880 1720 939 irincii
1746 898 1875 952 mecum,
1906 896 1984 939 nunc
2013 899 2079 939 curn

716 964 900 1039 blaestlino,
932 966 1100 1026 academico
1123 966 1333 1026 matirematum
1357 967 1535 1043 professore,
1558 970 1724 1027 communia
1746 967 1820 1028 haec
1842 968 1940 1027 studia
1962 975 2076 1040 tractet,

716 1054 753 1112 ab
782 1053 860 1128 boc,
892 1056 1028 1129 iuquam,
1060 1053 1096 1113 de
1123 1050 1229 1136 l9s29.
1252 1053 1328 1115 Nov.
1359 1055 1396 1113 ad
1426 1071 1472 1112 me
1501 1056 1707 1131 perscriptum:
1737 1058 1815 1115 ostri
1843 1073 1912 1113 cum
1933 1056 2024 1114 stallis
2044 1059 2079 1113 irs

717 1142 848 1201 Cratera
871 1150 1032 1214 meteorou,
1054 1141 1223 1202 nubeculae
1244 1141 1399 1200 radiantis
1420 1145 1530 1219 instar,
1552 1144 1634 1216 quod
1655 1143 1694 1201 ab
1716 1145 1804 1202 initio
1825 1142 1961 1218 sormam
1983 1160 2080 1202 cornu

718 1228 874 1301 habuerit,
893 1231 963 1301 jum
986 1246 1015 1289 se
1038 1232 1135 1303 mapis
1157 1232 1313 1303 mopisque
1336 1232 1368 1286 in
1390 1229 1489 1288 latum
1513 1229 1660 1305 effundat,
1685 1230 1738 1289 ura
1761 1248 1832 1288 aero
1854 1230 1911 1304 dia,
1936 1246 2079 1306 quasuas

719 1314 765 1375 ille
791 1315 897 1388 dabat,
921 1334 985 1376 non
1008 1323 1112 1375 tantae
1133 1316 1289 1375 rubedinis
1311 1333 1369 1375 esse
1391 1319 1502 1389 vuum,
1525 1334 1563 1373 ac
1584 1326 1656 1375 ante
1677 1318 1796 1393 aliquot
1817 1316 1886 1388 dies,
1908 1317 1960 1375 sed
1981 1320 2080 1391 mauis

721 1402 869 1462 dbeseere
891 1406 985 1479 inque
1007 1420 1146 1463 oceasum
1168 1420 1290 1479 verpere
1312 1402 1426 1477 mdert,
1449 1410 1478 1462 et
1500 1405 1614 1462 coetum
1635 1421 1666 1462 sa
1686 1422 1742 1481 per
1763 1407 1881 1481 aliquot
1903 1404 1964 1463 dies
1986 1406 2080 1464 uubi-

722 1490 772 1549 bus
805 1490 974 1550 obductum
1003 1491 1147 1551 babuisse.
1194 1490 1237 1549 Ex
1268 1506 1327 1565 que
1358 1493 1525 1551 narratione
1556 1491 1656 1568 procul
1686 1492 1775 1551 dubio
1804 1491 2002 1567 colligendum
2025 1500 2078 1563 est,

723 1596 815 1654 neque
847 1588 994 1638 cometam
1022 1580 1138 1638 tertium
1161 1595 1180 1635 a
1203 1578 1440 1653 Tubingensibus
1470 1594 1564 1653 usquc
1593 1579 1631 1637 ad
1658 1582 1760 1651 19l29.
1784 1579 1859 1638 Nov.
1891 1578 2079 1639 animadver-

725 1683 781 1724 sum
807 1683 889 1737 esse,
913 1683 1009 1743 neque
1033 1672 1180 1725 meteoron
1205 1665 1293 1738 illud,
1323 1664 1403 1740 quod
1426 1682 1482 1741 ego
1505 1665 1666 1725 secundum
1689 1675 1832 1726 cometam
1855 1665 1987 1743 appello,
2011 1674 2078 1727 ante

728 1750 830 1833 talto.
854 1752 932 1813 Nov.
958 1752 1112 1829 Tubingae
1135 1755 1278 1829 agnitum.
1318 1752 1391 1811 Cum
1415 1755 1492 1812 enim
1515 1756 1665 1813 verissime
1687 1764 1799 1813 motum
1822 1754 1956 1814 habuerit
1978 1763 2079 1814 contra

727 1843 872 1918 s'rgnorum
901 1841 1049 1914 ordinem,
1082 1857 1147 1899 eum
1170 1840 1263 1899 stellis
1286 1841 1374 1915 igitur
1397 1838 1523 1900 Crateris
1547 1841 1657 1901 diutius
1679 1859 1737 1900 non
1760 1844 1883 1916 mansit,
1912 1842 1984 1900 mihi
2007 1859 2077 1901 vero

728 1929 766 1990 lie
792 1926 900 2007 tosto.
924 1928 1002 1987 Nov.
1025 1945 1091 1987 cum
1113 1926 1218 1987 iisdem
1240 1929 1334 1986 visum
1356 1928 1420 1985 init.

823 2015 885 2076 Sed
908 2017 996 2075 venio
1020 2014 1057 2073 ad
1080 2015 1147 2073 illas
1169 2032 1251 2073 meas
1273 2016 1512 2088 observationes,
1536 2018 1666 2092 proxime
1682 2018 1758 2075 enim
1774 2014 1923 2076 Suaibaeo
1939 2014 2074 2076 succedo.

729 2102 813 2179 Igitur
844 2120 931 2162 mane
956 2098 1065 2185 10s20.
1087 2102 1164 2160 Nov.
1194 2102 1266 2160 teria
1288 2105 1387 2173 tertia,
1421 2103 1505 2177 cujus
1528 2104 1717 2162 antecedente
1739 2102 1891 2162 chasmate
1914 2106 1979 2162 visa
2000 2104 2078 2163 iere-

730 2192 834 2266 bsntur,
860 2190 931 2250 bora
955 2200 1022 2268 post
1044 2189 1169 2249 mediam
1191 2197 1308 2248 noctem
1332 2184 1411 2269 5¹s„
1439 2190 1617 2248 clarissimus
1640 2200 1764 2262 tractus,
1788 2189 1892 2267 plenus
1915 2199 1944 2249 et
1966 2189 2079 2251 lacteus

731 2286 895 2355 conspectus
918 2286 963 2337 est
986 2280 1116 2355 proxime
1138 2277 1193 2336 suh
1216 2275 1309 2335 stellis
1330 2278 1360 2332 in
1383 2275 1579 2352 quadrilatera
1595 2276 1691 2350 Corvi,
1716 2278 1800 2353 anus
1824 2280 1992 2338 extremitas
2013 2295 2079 2337 sur-

732 2384 787 2425 sum
810 2365 1005 2433 curvabatur,
1030 2364 1166 2425 desinens
1189 2366 1273 2439 quasi
1295 2367 1324 2421 in
1348 2363 1476 2422 medium
1500 2364 1656 2424 Creterem.
1701 2364 1765 2423 Hos
1789 2366 1878 2425 luisse
1901 2365 2000 2424 radios
2022 2364 2079 2424 ali-

732 2454 804 2529 cujus
828 2461 960 2512 cometae
983 2451 1071 2511 fidem
1091 2454 1150 2511 ista
1172 2451 1333 2523 iaciebant,
1370 2450 1449 2526 quod
1477 2469 1514 2511 er
1537 2468 1642 2512 aurora
1665 2456 1776 2513 exirent
1798 2460 1829 2511 et
1850 2454 1893 2512 sic
1915 2456 1943 2510 in
1966 2460 2079 2529 partem

734 2539 832 2601 rSole
855 2556 992 2599 aversam
1015 2539 1216 2611 tenderentur,
1241 2546 1274 2597 ut
1296 2538 1392 2597 solent
1414 2541 1543 2598 omniurn
1566 2550 1745 2599 cometarum
1766 2542 1869 2599 crines.
1915 2540 1979 2599 Etsi
2002 2541 2079 2599 enim

734 2629 773 2686 Sel
795 2636 865 2687 tuuc
887 2636 950 2687 erat
972 2627 1002 2684 in
1026 2624 1084 2685 28⁰
1100 2638 1144 2703 111,
1167 2646 1186 2685 a
1207 2625 1304 2685 aredio
1327 2642 1397 2684 vero
1426 2625 1551 2685 Crateris
1574 2644 1660 2686 arcus
1683 2626 1782 2687 circuli
1804 2628 1912 2704 magni,
1935 2628 1990 2686 sub
2014 2645 2079 2686 ros·

734 2726 797 2774 hum
813 2714 903 2774 Corvi
919 2724 1040 2787 tractus,
1065 2730 1123 2774 uon
1147 2711 1240 2772 tendit
1263 2716 1292 2771 in
1315 2712 1480 2788 eclipticam
1504 2717 1581 2774 circa
1597 2715 1705 2773 dictum
1721 2713 1800 2774 Solis
1815 2714 1921 2789 locum,
1944 2714 1997 2775 aed
2013 2732 2080 2774 ver·

736 2816 774 2861 ιιι
796 2803 887 2861 Aram
915 2800 963 2860 vel
992 2800 1116 2861 caudam
1139 2799 1308 2876 Scorpionis
1335 2802 1433 2876 potius
1457 2809 1486 2860 et
1508 2804 1550 2860 sie
1572 2803 1712 2878 profunde
1736 2806 1764 2859 in
1788 2808 1936 2876 austrum,
1965 2811 1997 2861 at
2018 2818 2076 2862 non

736 2888 777 2948 luit
798 2898 910 2949 tractus
933 2891 988 2948 iste
1012 2888 1153 2957 directae,
1185 2887 1237 2947 sed
1267 2886 1504 2947 manifestissime
1532 2890 1670 2949 incurvus
1698 2892 1790 2948 instar
1811 2891 1953 2962 acinacis,
1981 2891 2025 2948 sic
2047 2897 2080 2948 ut

737 2976 837 3036 inierior
866 2992 937 3053 pars
966 2975 1059 3036 stellis
1090 2975 1199 3034 ultimis
1223 2974 1343 3051 Hydrae
1371 2992 1446 3050 pene
1473 2975 1615 3053 parallela
1637 2977 1797 3048 incederet,
1832 2980 1917 3052 quasi
1939 2980 1968 3034 iu
1991 2984 2080 3053 eaput

737 3061 859 3124 leauri
883 3062 1032 3137 tenderet,
1055 3072 1088 3121 ut
1110 3080 1145 3122 cx
1169 3072 1290 3138 aspectu
1313 3061 1394 3138 globi
1417 3072 1549 3140 apparet.
1594 3064 1670 3122 Nam
1693 3064 1856 3123 Centaurus
1879 3066 1941 3141 ipse
1963 3063 2080 3123 delituit

738 3151 759 3208 in
777 3169 889 3223 aurora,
914 3168 974 3226 qua
997 3150 1047 3209 via
1069 3152 1200 3227 proxime
1223 3148 1322 3209 Solem
1346 3151 1375 3206 in
1399 3150 1456 3207 28⁰
1479 3161 1512 3227 1η
1534 3158 1597 3209 erat
1618 3161 1750 3211 ventura.

829 3238 961 3299 Solenna
994 3246 1092 3297 autern
1122 3237 1179 3297 hoc
1211 3245 1256 3296 est
1287 3239 1424 3309 cometis,
1459 3237 1539 3313 quod
1570 3239 1684 3298 caudae
1714 3242 1843 3316 ipsorum
1874 3236 2007 3297 nonnihil
2041 3237 2079 3296 ab

741 3327 863 3402 opposito
889 3324 968 3385 Solis
1000 3323 1165 3385 deflectunt.
1211 3322 1308 3397 Quare
1338 3331 1452 3399 oportet
1481 3334 1569 3400 caput
1596 3343 1648 3385 seu
1680 3326 1795 3385 stellam
1825 3325 1913 3402 hujus
1945 3333 2091 3385 cometae·

741 3408 774 3471 lle
795 3415 846 3473 20.
862 3412 941 3473 Νοι.
966 3413 1079 3472 circiter
1100 3411 1177 3471 hunc
1200 3412 1273 3470 coeli
1289 3411 1396 3483 locum,
1420 3411 1532 3471 scilicet
1554 3429 1644 3489 prope
1667 3421 1756 3489 caput
1771 3412 1911 3472 Centauri
1933 3415 1962 3470 in
1986 3414 2079 3488 primo

739 3495 893 3577 decanatu
923 3502 1055 3573 stetisse,
1092 3502 1120 3557 in
1144 3516 1266 3559 aurorae
1289 3498 1368 3557 claro
1390 3499 1516 3569 lumine,
1550 3508 1579 3559 et
1601 3508 1669 3560 ante
1695 3500 2079 3577 metamaucenses

739 3596 770 3645 ut
791 3596 905 3648 cometa
928 3586 1041 3647 Romae
1072 3596 1102 3646 et
1129 3589 1159 3644 in
1183 3582 1301 3665 silesia)
1333 3588 1410 3645 cirea
1437 3583 1491 3645 16⁰
1516 3590 1555 3665 ”h
1582 3603 1648 3647 cum
1671 3588 1722 3647 lat.
1746 3586 1847 3646 merid.
1874 3584 1909 3644 8⁰
1937 3587 2079 3658 haesisse,

739 3674 805 3749 chus
821 3675 880 3735 loci
902 3682 931 3733 te
943 3674 1035 3750 jubeo
1056 3690 1212 3734 memorem
1228 3690 1302 3745 esse,
1326 3674 1376 3731 uhi
1392 3672 1431 3731 ιι]
1454 3676 1538 3731 initia
1553 3684 1683 3734 cornetae
1706 3677 1783 3734 tertii
1801 3674 1915 3733 veneris
1937 3674 2078 3750 legendo,

738 3773 789 3821 nrm
817 3764 873 3823 etsi
903 3764 1016 3821 ratione
1045 3763 1119 3821 situs
1142 3761 1181 3820 ad
1203 3759 1303 3821 Solem
1335 3759 1437 3819 debuit
1468 3761 1592 3819 caudam
1621 3762 1746 3838 dejicere
1774 3780 1827 3839 per
1849 3762 2026 3821 Centaurum
2049 3764 2078 3819 iu

739 3857 870 3923 ιιιπιιιιι,
898 3848 968 3909 iecit
990 3856 1088 3909 tamen
1112 3848 1269 3908 declinatio
1294 3856 1323 3907 et
1345 3857 1510 3921 curvatura,
1533 3858 1567 3907 ut
1589 3866 1654 3908 earn
1676 3849 1714 3909 ad
1737 3858 1877 3927 punctum
1900 3848 2078 3925 aequinoctii

741 3936 901 3997 autumnalis
930 3934 1126 4011 retorquendo
1159 3939 1335 3994 terminaret.
1380 3934 1456 3994 Nam
1486 3935 1573 3995 valde
1597 3939 1742 4013 insignem
1764 3946 1950 3997 curvaturam
1974 3936 2079 3995 suadet

742 4026 898 4084 taimilatio
923 4040 1036 4100 pennae
1051 4023 1231 4082 struthionis.
1268 4021 1342 4081 Inde
1358 4029 1438 4081 motu
1461 4026 1534 4081 satis
1550 4026 1695 4083 concitato
1718 4042 1783 4085 sese
1798 4026 1942 4101 proripuit
1964 4031 2080 4084 cometa

739 4107 974 4173 inantecedentis
991 4118 1020 4170 et
1043 4112 1072 4168 in
1087 4118 1218 4169 austrum
1241 4126 1344 4171 versus
1361 4108 1499 4169 Centauri
1521 4120 1620 4187 partes
1636 4114 1768 4188 equinas,
1792 4110 1870 4188 quod
1887 4111 2079 4186 sequentibus

740 4196 980 4259 causationibus
1002 4196 1182 4257 intellectum
1206 4205 1259 4257 est.
1304 4196 1410 4255 Statim
1433 4206 1532 4257 nutem
1555 4202 1708 4274 apparuit,
1731 4201 1821 4258 tuisse
1843 4197 1969 4257 sublime
1992 4196 2079 4257 valde

739 4294 891 4362 balearem,
926 4303 995 4345 nam
1025 4302 1197 4360 progressus
1228 4303 1264 4343 ex
1289 4286 1361 4342 meis
1392 4284 1532 4358 aedibus,
1568 4294 1708 4361 quantum
1731 4285 1840 4363 oppido
1863 4285 1965 4344 clauso
1987 4286 2079 4361 potui,

739 4370 810 4433 itum
832 4373 872 4435 ιι]
894 4372 971 4432 lixas
993 4388 1107 4449 semper
1129 4372 1254 4432 eundem
1277 4370 1480 4430 animadverti.
1519 4371 1737 4433 Confirmahant
1758 4392 1814 4446 me,
1838 4374 1889 4448 qui
1913 4375 1965 4430 iter
1987 4374 2080 4431 iacie-

739 4455 803 4535 brut,
826 4464 878 4538 qui
901 4478 920 4520 a
943 4460 1044 4520 decem
1067 4459 1197 4519 millibus
1219 4475 1358 4535 passuum
1382 4459 1507 4518 eundem
1530 4468 1654 4519 tractum
1677 4460 1819 4521 viderunt.
1862 4457 1985 4519 Plenam
2008 4476 2078 4519 vero

739 4542 808 4607 ihr-
836 4550 951 4609 iaclunt
977 4546 1078 4607 literae
1102 4545 1304 4623 Tubingenses
1324 4546 1386 4621 jam
1409 4548 1583 4621 recensitae3
1613 4565 1678 4607 eum
1702 4550 1778 4607 enim
1802 4547 1910 4605 distent
1932 4546 1998 4606 loca
2020 4562 2079 4604 non

738 4637 816 4695 uinus
841 4636 906 4695 000
938 4652 1036 4711 m.p.,
1071 4633 1148 4694 idern
1179 4642 1274 4693 tannen
1303 4642 1451 4694 meteoron
1474 4634 1529 4693 sub
1552 4635 1656 4694 iisdem
1678 4633 1951 4695 constellationibus
1975 4633 2079 4693 eodem

738 4726 852 4799 tempore
877 4730 923 4782 est
939 4724 1049 4781 rhum:
1074 4728 1191 4798 oportet
1210 4725 1299 4796 igitur
1320 4738 1377 4779 non
1402 4720 1539 4779 humilius
1561 4723 1651 4783 luisse
1674 4731 1832 4792 meteoron,
1856 4737 1945 4795 quam
1968 4729 2079 4797 quanta

739 4818 772 4868 at
790 4810 862 4871 baec
885 4809 1028 4869 distantis
1051 4818 1081 4869 et
1103 4811 1220 4869 omnino
1246 4825 1332 4883 quam
1356 4809 1489 4885 pluribus
1512 4810 1625 4868 vicibus
1647 4809 1746 4869 altius.
1790 4806 1849 4867 Sed
1871 4810 1966 4867 minas
1991 4808 2078 4867 dubi-

742 4897 843 4957 lmdum
876 4906 941 4957 erat
970 4896 1074 4957 diebus
1105 4897 1312 4973 sequentihus:
1345 4912 1402 4953 non
1428 4897 1549 4955 evanuit
1575 4898 1652 4955 enim
1674 4905 1839 4967 meteoron,
1867 4911 1921 4954 nec
1944 4895 2079 4955 adhaesit

742 4977 827 5057 Terris,
854 4992 887 5044 ut
908 4985 1007 5045 solent
1029 4984 1088 5045 aiis
1102 4984 1211 5044 Terrae
1240 4984 1345 5055 vicina,
1368 4983 1420 5043 sed
1443 4983 1550 5042 redivit
1571 5000 1637 5042 cunr
1659 4982 1844 5043 revolutione
1866 4981 1970 5044 diurna
1985 4981 2078 5043 adeo·
