<?xml version="1.0" encoding="UTF-8"?>
<!DOCTYPE html PUBLIC "-//W3C//DTD XHTML 1.0 Transitional//EN"
    "http://www.w3.org/TR/xhtml1/DTD/xhtml1-transitional.dtd">
<html xmlns="http://www.w3.org/1999/xhtml" xml:lang="en" lang="en">
 <head>
  <title>
</title>
<meta http-equiv="Content-Type" content="text/html;charset=utf-8" />
  <meta name='ocr-system' content='tesseract 3.04.00' />
  <meta name='ocr-capabilities' content='ocr_page ocr_carea ocr_par ocr_line ocrx_word'/>
</head>
<body>
  <div class='ocr_page' id='page_1' title='image "./joanniskepleria16frisgoog/joanniskepleria16frisgoog_0072.png"; bbox 0 0 5575 6342; ppageno 0'>
   <div class='ocr_carea' id='block_1_1' title="bbox 1199 776 2085 845">
    <p class='ocr_par' dir='ltr' id='par_1_1' title="bbox 1199 776 2085 845">
     <span class='ocr_line' id='line_1_1' title="bbox 1199 776 2085 845; baseline 0 -11"><span class='ocrx_word' id='word_1_1' title='bbox 1199 778 1259 835; x_wconf 86' lang='lat' dir='ltr'><strong>Lib.</strong></span> <span class='ocrx_word' id='word_1_2' title='bbox 1278 779 1300 833; x_wconf 87' lang='lat' dir='ltr'><strong>i.</strong></span> <span class='ocrx_word' id='word_1_3' title='bbox 1319 778 1432 836; x_wconf 81' lang='lat' dir='ltr'><strong>Cometa</strong></span> <span class='ocrx_word' id='word_1_4' title='bbox 1450 778 1514 833; x_wconf 83' lang='lat' dir='ltr'><strong>nuni</strong></span> <span class='ocrx_word' id='word_1_5' title='bbox 1537 778 1612 834; x_wconf 76' lang='lat' dir='ltr'><strong>isitii.</strong></span> <span class='ocrx_word' id='word_1_6' title='bbox 2042 776 2085 845; x_wconf 76' lang='grc'><strong>59</strong></span> 
     </span>
    </p>
   </div>
   <div class='ocr_carea' id='block_1_2' title="bbox 1257 962 1557 1039">
    <p class='ocr_par' dir='ltr' id='par_1_2' title="bbox 1257 962 1557 1039">
     <span class='ocr_line' id='line_1_2' title="bbox 1257 962 1557 1039; baseline -0.01 -2"><span class='ocrx_word' id='word_1_7' title='bbox 1257 966 1448 1039; x_wconf 85' lang='lat' dir='ltr'><strong>Theorema</strong></span> <span class='ocrx_word' id='word_1_8' title='bbox 1474 962 1557 1037; x_wconf 82' lang='lat' dir='ltr'><strong>xvi.</strong></span> 
     </span>
    </p>
   </div>
   <div class='ocr_carea' id='block_1_3' title="bbox 722 1079 2087 2123">
    <p class='ocr_par' dir='ltr' id='par_1_3' title="bbox 725 1079 2087 1425">
     <span class='ocr_line' id='line_1_3' title="bbox 834 1079 2087 1159; baseline -0.005 -17"><span class='ocrx_word' id='word_1_9' title='bbox 834 1083 872 1142; x_wconf 79' lang='lat' dir='ltr'><strong>Si</strong></span> <span class='ocrx_word' id='word_1_10' title='bbox 896 1082 1027 1159; x_wconf 80' lang='lat' dir='ltr'><strong>plenum</strong></span> <span class='ocrx_word' id='word_1_11' title='bbox 1056 1090 1187 1145; x_wconf 65' lang='lat' dir='ltr'><strong>somnos</strong></span> <span class='ocrx_word' id='word_1_12' title='bbox 1214 1084 1424 1154; x_wconf 59' lang='lat' dir='ltr'><strong>missionum</strong></span> <span class='ocrx_word' id='word_1_13' title='bbox 1451 1088 1530 1140; x_wconf 81' lang='lat' dir='ltr'><strong>secut</strong></span> <span class='ocrx_word' id='word_1_14' title='bbox 1551 1079 1682 1139; x_wconf 81' lang='lat' dir='ltr'><strong>orditum</strong></span> <span class='ocrx_word' id='word_1_15' title='bbox 1710 1080 1837 1138; x_wconf 77' lang='lat' dir='ltr'><strong>Telluris</strong></span> <span class='ocrx_word' id='word_1_16' title='bbox 1858 1093 2017 1154; x_wconf 71' lang='lat' dir='ltr'><strong>montom,</strong></span> <span class='ocrx_word' id='word_1_17' title='bbox 2044 1086 2087 1137; x_wconf 83' lang='lat' dir='ltr'><strong>est</strong></span> 
     </span>
     <span class='ocr_line' id='line_1_4' title="bbox 725 1168 2086 1244; baseline -0.004 -13"><span class='ocrx_word' id='word_1_18' title='bbox 725 1173 898 1232; x_wconf 67' lang='lat' dir='ltr'><strong>aestuario</strong></span> <span class='ocrx_word' id='word_1_19' title='bbox 919 1188 1019 1228; x_wconf 84' lang='lat' dir='ltr'><strong>unum</strong></span> <span class='ocrx_word' id='word_1_20' title='bbox 1041 1170 1201 1244; x_wconf 70' lang='lat' dir='ltr'><strong>septumo</strong></span> <span class='ocrx_word' id='word_1_21' title='bbox 1223 1173 1355 1242; x_wconf 65' lang='lat' dir='ltr'><strong>neone,</strong></span> <span class='ocrx_word' id='word_1_22' title='bbox 1382 1169 1490 1227; x_wconf 70' lang='lat' dir='ltr'><strong>sulum</strong></span> <span class='ocrx_word' id='word_1_23' title='bbox 1515 1168 1705 1243; x_wconf 80' lang='lat' dir='ltr'><strong>possibilibus</strong></span> <span class='ocrx_word' id='word_1_24' title='bbox 1712 1188 1724 1241; x_wconf 84' lang='lat'><strong>,-</strong></span> <span class='ocrx_word' id='word_1_25' title='bbox 1752 1168 1780 1225; x_wconf 66' lang='grc' dir='ltr'><strong>εἰ</strong></span> <span class='ocrx_word' id='word_1_26' title='bbox 1808 1182 1873 1226; x_wconf 82' lang='lat' dir='ltr'><strong>non</strong></span> <span class='ocrx_word' id='word_1_27' title='bbox 1899 1174 1992 1239; x_wconf 86' lang='lat' dir='ltr'><strong>secut,</strong></span> <span class='ocrx_word' id='word_1_28' title='bbox 2022 1182 2086 1225; x_wconf 82' lang='lat' dir='ltr'><strong>non</strong></span> 
     </span>
     <span class='ocr_line' id='line_1_5' title="bbox 725 1255 2086 1333; baseline -0.006 -13"><span class='ocrx_word' id='word_1_29' title='bbox 725 1265 821 1320; x_wconf 75' lang='grc' dir='ltr'><strong>ιιιάιιι</strong></span> <span class='ocrx_word' id='word_1_30' title='bbox 841 1265 1041 1333; x_wconf 69' lang='lat' dir='ltr'><strong>percontatur</strong></span> <span class='ocrx_word' id='word_1_31' title='bbox 1061 1260 1136 1316; x_wconf 84' lang='lat' dir='ltr'><strong>sitas</strong></span> <span class='ocrx_word' id='word_1_32' title='bbox 1158 1259 1351 1326; x_wconf 75' lang='lat' dir='ltr'><strong>troicctcsiae</strong></span> <span class='ocrx_word' id='word_1_33' title='bbox 1373 1264 1401 1314; x_wconf 84' lang='lat' dir='ltr'><strong>ct</strong></span> <span class='ocrx_word' id='word_1_34' title='bbox 1422 1258 1603 1331; x_wconf 71' lang='lat' dir='ltr'><strong><em>sectionum,</em></strong></span> <span class='ocrx_word' id='word_1_35' title='bbox 1625 1255 1677 1313; x_wconf 82' lang='lat' dir='ltr'><strong>sed</strong></span> <span class='ocrx_word' id='word_1_36' title='bbox 1697 1257 1809 1314; x_wconf 80' lang='lat' dir='ltr'><strong>trosteit</strong></span> <span class='ocrx_word' id='word_1_37' title='bbox 1830 1257 2007 1329; x_wconf 65' lang='lat' dir='ltr'><strong>aspectoris</strong></span> <span class='ocrx_word' id='word_1_38' title='bbox 2030 1261 2086 1313; x_wconf 81' lang='lat' dir='ltr'><strong>out</strong></span> 
     </span>
     <span class='ocr_line' id='line_1_6' title="bbox 725 1347 1433 1425; baseline -0.007 -18"><span class='ocrx_word' id='word_1_39' title='bbox 725 1349 815 1425; x_wconf 71' lang='lat' dir='ltr'><strong>infru</strong></span> <span class='ocrx_word' id='word_1_40' title='bbox 838 1363 943 1405; x_wconf 81' lang='lat' dir='ltr'><strong>omncs</strong></span> <span class='ocrx_word' id='word_1_41' title='bbox 963 1347 1103 1407; x_wconf 80' lang='lat' dir='ltr'><strong>sectiones</strong></span> <span class='ocrx_word' id='word_1_42' title='bbox 1123 1351 1180 1404; x_wconf 81' lang='lat' dir='ltr'><strong>aut</strong></span> <span class='ocrx_word' id='word_1_43' title='bbox 1201 1362 1299 1420; x_wconf 82' lang='lat' dir='ltr'><strong>supro</strong></span> <span class='ocrx_word' id='word_1_44' title='bbox 1322 1360 1433 1404; x_wconf 73' lang='lat' dir='ltr'><strong>onmes</strong></span> 
     </span>
    </p>

    <p class='ocr_par' dir='ltr' id='par_1_4' title="bbox 722 1427 2086 2123">
     <span class='ocr_line' id='line_1_7' title="bbox 833 1427 2086 1505; baseline -0.005 -12"><span class='ocrx_word' id='word_1_45' title='bbox 833 1432 928 1493; x_wconf 75' lang='lat' dir='ltr'><strong>&#39;Perre</strong></span> <span class='ocrx_word' id='word_1_46' title='bbox 954 1434 1048 1505; x_wconf 87' lang='lat' dir='ltr'><strong>enirn,</strong></span> <span class='ocrx_word' id='word_1_47' title='bbox 1078 1431 1109 1491; x_wconf 93' lang='lat' dir='ltr'><strong>id</strong></span> <span class='ocrx_word' id='word_1_48' title='bbox 1132 1439 1178 1491; x_wconf 89' lang='lat' dir='ltr'><strong>est</strong></span> <span class='ocrx_word' id='word_1_49' title='bbox 1200 1433 1296 1505; x_wconf 86' lang='lat' dir='ltr'><strong>visus,</strong></span> <span class='ocrx_word' id='word_1_50' title='bbox 1327 1433 1352 1490; x_wconf 89' lang='lat' dir='ltr'><strong>si</strong></span> <span class='ocrx_word' id='word_1_51' title='bbox 1381 1437 1496 1490; x_wconf 81' lang='lat' dir='ltr'><strong>comete</strong></span> <span class='ocrx_word' id='word_1_52' title='bbox 1518 1428 1631 1491; x_wconf 83' lang='lat' dir='ltr'><strong>tsmdin</strong></span> <span class='ocrx_word' id='word_1_53' title='bbox 1654 1427 1754 1502; x_wconf 89' lang='lat' dir='ltr'><strong>duret,</strong></span> <span class='ocrx_word' id='word_1_54' title='bbox 1784 1429 1830 1489; x_wconf 85' lang='lat' dir='ltr'><strong>bis</strong></span> <span class='ocrx_word' id='word_1_55' title='bbox 1852 1428 1955 1489; x_wconf 87' lang='lat' dir='ltr'><strong>incidit</strong></span> <span class='ocrx_word' id='word_1_56' title='bbox 1976 1429 2007 1486; x_wconf 91' lang='lat' dir='ltr'><strong>in</strong></span> <span class='ocrx_word' id='word_1_57' title='bbox 2028 1427 2086 1487; x_wconf 86' lang='lat' dir='ltr'><strong>hoc</strong></span> 
     </span>
     <span class='ocr_line' id='line_1_8' title="bbox 725 1516 2085 1600; baseline -0.006 -20"><span class='ocrx_word' id='word_1_58' title='bbox 725 1521 852 1600; x_wconf 84' lang='lat' dir='ltr'><strong>planum</strong></span> <span class='ocrx_word' id='word_1_59' title='bbox 867 1520 1087 1595; x_wconf 71' lang='grc' dir='ltr'><strong>ἰιιιίοιοιὶιιιιι,</strong></span> <span class='ocrx_word' id='word_1_60' title='bbox 1114 1520 1140 1577; x_wconf 91' lang='lat' dir='ltr'><strong>si</strong></span> <span class='ocrx_word' id='word_1_61' title='bbox 1162 1520 1202 1578; x_wconf 92' lang='lat' dir='ltr'><strong>sit</strong></span> <span class='ocrx_word' id='word_1_62' title='bbox 1223 1535 1276 1596; x_wconf 93' lang='lat' dir='ltr'><strong>per</strong></span> <span class='ocrx_word' id='word_1_63' title='bbox 1298 1519 1424 1578; x_wconf 81' lang='lat' dir='ltr'><strong>orbitam</strong></span> <span class='ocrx_word' id='word_1_64' title='bbox 1446 1516 1554 1578; x_wconf 79' lang='lat' dir='ltr'><strong>Terrae</strong></span> <span class='ocrx_word' id='word_1_65' title='bbox 1577 1516 1714 1589; x_wconf 69' lang='lat' dir='ltr'><strong>ductumq</strong></span> <span class='ocrx_word' id='word_1_66' title='bbox 1744 1517 1789 1575; x_wconf 91' lang='lat' dir='ltr'><strong>sln</strong></span> <span class='ocrx_word' id='word_1_67' title='bbox 1812 1519 1926 1588; x_wconf 86' lang='lat' dir='ltr'><strong>minus,</strong></span> <span class='ocrx_word' id='word_1_68' title='bbox 1949 1517 2033 1574; x_wconf 84' lang='lat' dir='ltr'><strong>visus</strong></span> <span class='ocrx_word' id='word_1_69' title='bbox 2054 1518 2085 1573; x_wconf 92' lang='lat' dir='ltr'><strong>in</strong></span> 
     </span>
     <span class='ocr_line' id='line_1_9' title="bbox 727 1603 2085 1689; baseline -0.004 -22"><span class='ocrx_word' id='word_1_70' title='bbox 727 1610 851 1689; x_wconf 87' lang='lat' dir='ltr'><strong>pianum</strong></span> <span class='ocrx_word' id='word_1_71' title='bbox 875 1607 1073 1681; x_wconf 85' lang='lat' dir='ltr'><strong>trajectorium</strong></span> <span class='ocrx_word' id='word_1_72' title='bbox 1095 1622 1155 1665; x_wconf 89' lang='lat' dir='ltr'><strong>non</strong></span> <span class='ocrx_word' id='word_1_73' title='bbox 1178 1606 1290 1667; x_wconf 86' lang='lat' dir='ltr'><strong>incidit.</strong></span> <span class='ocrx_word' id='word_1_74' title='bbox 1327 1604 1416 1664; x_wconf 89' lang='lat' dir='ltr'><strong>Nulla</strong></span> <span class='ocrx_word' id='word_1_75' title='bbox 1437 1622 1507 1665; x_wconf 90' lang='lat' dir='ltr'><strong>vero</strong></span> <span class='ocrx_word' id='word_1_76' title='bbox 1531 1604 1591 1664; x_wconf 90' lang='lat' dir='ltr'><strong>alia</strong></span> <span class='ocrx_word' id='word_1_77' title='bbox 1613 1603 1787 1664; x_wconf 91' lang='lat' dir='ltr'><strong>intermedia</strong></span> <span class='ocrx_word' id='word_1_78' title='bbox 1801 1606 1947 1665; x_wconf 87' lang='lat' dir='ltr'><strong>sectiones</strong></span> <span class='ocrx_word' id='word_1_79' title='bbox 1962 1604 2085 1663; x_wconf 85' lang='lat' dir='ltr'><strong>transire</strong></span> 
     </span>
     <span class='ocr_line' id='line_1_10' title="bbox 725 1690 2086 1775; baseline -0.005 -19"><span class='ocrx_word' id='word_1_80' title='bbox 725 1703 836 1775; x_wconf 84' lang='lat' dir='ltr'><strong>potest,</strong></span> <span class='ocrx_word' id='word_1_81' title='bbox 860 1700 977 1771; x_wconf 77' lang='lat' dir='ltr'><strong>prester</strong></span> <span class='ocrx_word' id='word_1_82' title='bbox 998 1695 1132 1767; x_wconf 77' lang='lat' dir='ltr'><strong>visurine,</strong></span> <span class='ocrx_word' id='word_1_83' title='bbox 1156 1696 1199 1752; x_wconf 92' lang='lat' dir='ltr'><strong>sie</strong></span> <span class='ocrx_word' id='word_1_84' title='bbox 1220 1701 1253 1752; x_wconf 90' lang='lat' dir='ltr'><strong>nt</strong></span> <span class='ocrx_word' id='word_1_85' title='bbox 1275 1692 1340 1768; x_wconf 84' lang='lat' dir='ltr'><strong>ejus</strong></span> <span class='ocrx_word' id='word_1_86' title='bbox 1363 1699 1463 1770; x_wconf 89' lang='lat' dir='ltr'><strong>partes</strong></span> <span class='ocrx_word' id='word_1_87' title='bbox 1485 1690 1623 1769; x_wconf 76' lang='lat' dir='ltr'><strong>deinceps</strong></span> <span class='ocrx_word' id='word_1_88' title='bbox 1643 1691 1767 1762; x_wconf 85' lang='lat' dir='ltr'><strong>locatae,</strong></span> <span class='ocrx_word' id='word_1_89' title='bbox 1790 1698 1824 1751; x_wconf 91' lang='lat' dir='ltr'><strong>nt</strong></span> <span class='ocrx_word' id='word_1_90' title='bbox 1845 1694 1961 1770; x_wconf 84' lang='lat' dir='ltr'><strong>ponitur</strong></span> <span class='ocrx_word' id='word_1_91' title='bbox 1977 1691 2007 1748; x_wconf 88' lang='lat' dir='ltr'><strong>in</strong></span> <span class='ocrx_word' id='word_1_92' title='bbox 2023 1698 2086 1750; x_wconf 88' lang='lat' dir='ltr'><strong>tra-</strong></span> 
     </span>
     <span class='ocr_line' id='line_1_11' title="bbox 722 1778 2086 1861; baseline -0.004 -18"><span class='ocrx_word' id='word_1_93' title='bbox 722 1784 850 1861; x_wconf 84' lang='lat' dir='ltr'><strong>jectoria</strong></span> <span class='ocrx_word' id='word_1_94' title='bbox 878 1781 958 1855; x_wconf 82' lang='lat' dir='ltr'><strong>oevi,</strong></span> <span class='ocrx_word' id='word_1_95' title='bbox 989 1783 1064 1840; x_wconf 88' lang='lat' dir='ltr'><strong>inter</strong></span> <span class='ocrx_word' id='word_1_96' title='bbox 1092 1783 1216 1840; x_wconf 84' lang='lat' dir='ltr'><strong>visorins</strong></span> <span class='ocrx_word' id='word_1_97' title='bbox 1244 1783 1326 1839; x_wconf 88' lang='lat' dir='ltr'><strong>visus</strong></span> <span class='ocrx_word' id='word_1_98' title='bbox 1349 1779 1487 1857; x_wconf 89' lang='lat' dir='ltr'><strong>deinceps</strong></span> <span class='ocrx_word' id='word_1_99' title='bbox 1508 1779 1597 1838; x_wconf 84' lang='lat' dir='ltr'><strong>locati</strong></span> <span class='ocrx_word' id='word_1_100' title='bbox 1620 1778 1802 1839; x_wconf 80' lang='lat' dir='ltr'><strong>intercidant</strong></span> <span class='ocrx_word' id='word_1_101' title='bbox 1847 1778 1952 1855; x_wconf 85' lang='lat' dir='ltr'><strong>itaque</strong></span> <span class='ocrx_word' id='word_1_102' title='bbox 1975 1780 2000 1835; x_wconf 91' lang='lat' dir='ltr'><strong>si</strong></span> <span class='ocrx_word' id='word_1_103' title='bbox 2023 1784 2086 1838; x_wconf 82' lang='lat' dir='ltr'><strong>tra·</strong></span> 
     </span>
     <span class='ocr_line' id='line_1_12' title="bbox 725 1866 2085 1948; baseline -0.004 -17"><span class='ocrx_word' id='word_1_104' title='bbox 725 1871 862 1948; x_wconf 83' lang='lat' dir='ltr'><strong>jectoria,</strong></span> <span class='ocrx_word' id='word_1_105' title='bbox 886 1885 945 1927; x_wconf 89' lang='lat' dir='ltr'><strong>non</strong></span> <span class='ocrx_word' id='word_1_106' title='bbox 968 1884 1071 1929; x_wconf 86' lang='lat' dir='ltr'><strong>secans</strong></span> <span class='ocrx_word' id='word_1_107' title='bbox 1093 1868 1218 1927; x_wconf 79' lang='lat' dir='ltr'><strong>orbitam</strong></span> <span class='ocrx_word' id='word_1_108' title='bbox 1240 1866 1358 1939; x_wconf 78' lang='lat' dir='ltr'>Terrae,</span> <span class='ocrx_word' id='word_1_109' title='bbox 1382 1866 1569 1927; x_wconf 70' lang='lat' dir='ltr'><strong>intermedias</strong></span> <span class='ocrx_word' id='word_1_110' title='bbox 1591 1868 1737 1929; x_wconf 85' lang='lat' dir='ltr'><strong>sectiones</strong></span> <span class='ocrx_word' id='word_1_111' title='bbox 1759 1868 1906 1939; x_wconf 72' lang='lat' dir='ltr'><strong>nensiret,</strong></span> <span class='ocrx_word' id='word_1_112' title='bbox 1929 1883 1995 1926; x_wconf 91' lang='lat' dir='ltr'><strong>enm</strong></span> <span class='ocrx_word' id='word_1_113' title='bbox 2018 1882 2085 1926; x_wconf 91' lang='lat' dir='ltr'><strong>see-</strong></span> 
     </span>
     <span class='ocr_line' id='line_1_13' title="bbox 726 1953 2086 2032; baseline -0.004 -14"><span class='ocrx_word' id='word_1_114' title='bbox 726 1962 822 2019; x_wconf 81' lang='lat' dir='ltr'><strong>tionsa</strong></span> <span class='ocrx_word' id='word_1_115' title='bbox 846 1972 949 2016; x_wconf 90' lang='lat' dir='ltr'><strong>omnes</strong></span> <span class='ocrx_word' id='word_1_116' title='bbox 971 1957 1000 2013; x_wconf 92' lang='lat' dir='ltr'><strong>ln</strong></span> <span class='ocrx_word' id='word_1_117' title='bbox 1023 1955 1127 2017; x_wconf 88' lang='lat' dir='ltr'><strong>eodeni</strong></span> <span class='ocrx_word' id='word_1_118' title='bbox 1149 1957 1208 2014; x_wconf 89' lang='lat' dir='ltr'><strong>sint</strong></span> <span class='ocrx_word' id='word_1_119' title='bbox 1229 1955 1462 2032; x_wconf 86' lang='lat' dir='ltr'><strong>hemisphaerio,</strong></span> <span class='ocrx_word' id='word_1_120' title='bbox 1494 1962 1640 2031; x_wconf 82' lang='lat' dir='ltr'><strong>oporteret</strong></span> <span class='ocrx_word' id='word_1_121' title='bbox 1663 1960 1806 2015; x_wconf 75' lang='lat' dir='ltr'><strong>cometem</strong></span> <span class='ocrx_word' id='word_1_122' title='bbox 1828 1956 1858 2013; x_wconf 91' lang='lat' dir='ltr'><strong>in</strong></span> <span class='ocrx_word' id='word_1_123' title='bbox 1881 1953 1984 2014; x_wconf 87' lang='lat' dir='ltr'><strong>eadem</strong></span> <span class='ocrx_word' id='word_1_124' title='bbox 2005 1960 2086 2013; x_wconf 81' lang='lat' dir='ltr'><strong>secta</strong></span> 
     </span>
     <span class='ocr_line' id='line_1_14' title="bbox 724 2042 1820 2123; baseline 0 -19"><span class='ocrx_word' id='word_1_125' title='bbox 724 2062 802 2105; x_wconf 85' lang='lat' dir='ltr'><strong>nnnc</strong></span> <span class='ocrx_word' id='word_1_126' title='bbox 825 2042 972 2123; x_wconf 56' lang='lat' dir='ltr'><strong>promi,</strong></span> <span class='ocrx_word' id='word_1_127' title='bbox 995 2060 1073 2102; x_wconf 89' lang='lat' dir='ltr'><strong>nunc</strong></span> <span class='ocrx_word' id='word_1_128' title='bbox 1094 2042 1285 2118; x_wconf 84' lang='lat' dir='ltr'><strong>retrocedere,</strong></span> <span class='ocrx_word' id='word_1_129' title='bbox 1309 2042 1391 2118; x_wconf 91' lang='lat' dir='ltr'><strong>quod</strong></span> <span class='ocrx_word' id='word_1_130' title='bbox 1414 2052 1459 2103; x_wconf 84' lang='lat' dir='ltr'><strong>est</strong></span> <span class='ocrx_word' id='word_1_131' title='bbox 1481 2050 1583 2103; x_wconf 88' lang='lat' dir='ltr'><strong>contre</strong></span> <span class='ocrx_word' id='word_1_132' title='bbox 1605 2048 1767 2103; x_wconf 71' lang='lat' dir='ltr'><strong>emnmtum</strong></span> <span class='ocrx_word' id='word_1_133' title='bbox 1791 2048 1820 2104; x_wconf 73' lang='lat' dir='ltr'><strong>i.</strong></span> 
     </span>
    </p>
   </div>
   <div class='ocr_carea' id='block_1_4' title="bbox 1249 2188 1564 2277">
    <p class='ocr_par' dir='ltr' id='par_1_5' title="bbox 1249 2188 1564 2277">
     <span class='ocr_line' id='line_1_15' title="bbox 1249 2188 1564 2277; baseline -0.01 -16"><span class='ocrx_word' id='word_1_134' title='bbox 1249 2190 1442 2277; x_wconf 85' lang='lat' dir='ltr'><strong>Theoreme</strong></span> <span class='ocrx_word' id='word_1_135' title='bbox 1468 2188 1564 2261; x_wconf 85' lang='lat' dir='ltr'><strong>iiiiii.</strong></span> 
     </span>
    </p>
   </div>
   <div class='ocr_carea' id='block_1_5' title="bbox 729 2305 2085 2471">
    <p class='ocr_par' dir='ltr' id='par_1_6' title="bbox 729 2305 2085 2471">
     <span class='ocr_line' id='line_1_16' title="bbox 830 2305 2085 2383; baseline -0.002 -16"><span class='ocrx_word' id='word_1_136' title='bbox 830 2306 864 2367; x_wconf 85' lang='lat' dir='ltr'><strong>Si</strong></span> <span class='ocrx_word' id='word_1_137' title='bbox 889 2305 965 2366; x_wconf 82' lang='lat' dir='ltr'><strong>dnae</strong></span> <span class='ocrx_word' id='word_1_138' title='bbox 988 2311 1084 2365; x_wconf 74' lang='lat' dir='ltr'><strong>metae</strong></span> <span class='ocrx_word' id='word_1_139' title='bbox 1107 2322 1309 2381; x_wconf 87' lang='lat' dir='ltr'><strong>quaeeunque,</strong></span> <span class='ocrx_word' id='word_1_140' title='bbox 1332 2309 1421 2366; x_wconf 87' lang='lat' dir='ltr'><strong>etiarn</strong></span> <span class='ocrx_word' id='word_1_141' title='bbox 1444 2305 1615 2383; x_wconf 88' lang='lat' dir='ltr'><strong>inaequales</strong></span> <span class='ocrx_word' id='word_1_142' title='bbox 1639 2305 1819 2382; x_wconf 85' lang='lat' dir='ltr'><strong>(quaesunt</strong></span> <span class='ocrx_word' id='word_1_143' title='bbox 1841 2307 1923 2365; x_wconf 90' lang='lat' dir='ltr'><strong>verbi</strong></span> <span class='ocrx_word' id='word_1_144' title='bbox 1947 2323 2039 2365; x_wconf 86' lang='lat' dir='ltr'><strong>eanse</strong></span> <span class='ocrx_word' id='word_1_145' title='bbox 2055 2308 2085 2364; x_wconf 90' lang='lat' dir='ltr'><strong>in</strong></span> 
     </span>
     <span class='ocr_line' id='line_1_17' title="bbox 729 2392 2084 2471; baseline 0.001 -18"><span class='ocrx_word' id='word_1_146' title='bbox 729 2395 877 2454; x_wconf 88' lang='lat' dir='ltr'><strong>schemate</strong></span> <span class='ocrx_word' id='word_1_147' title='bbox 902 2401 931 2454; x_wconf 88' lang='grc'><strong>3.</strong></span> <span class='ocrx_word' id='word_1_148' title='bbox 960 2392 1242 2468; x_wconf 77' lang='lat' dir='ltr'><strong>1v‚quasirccss,</strong></span> <span class='ocrx_word' id='word_1_149' title='bbox 1274 2402 1304 2453; x_wconf 91' lang='lat' dir='ltr'><strong>et</strong></span> <span class='ocrx_word' id='word_1_150' title='bbox 1326 2394 1374 2471; x_wconf 76' lang='lat' dir='ltr'><strong>pr)</strong></span> <span class='ocrx_word' id='word_1_151' title='bbox 1404 2397 1434 2452; x_wconf 90' lang='lat' dir='ltr'><strong>in</strong></span> <span class='ocrx_word' id='word_1_152' title='bbox 1461 2401 1560 2470; x_wconf 84' lang='lat' dir='ltr'><strong>partes</strong></span> <span class='ocrx_word' id='word_1_153' title='bbox 1586 2409 1680 2468; x_wconf 91' lang='lat' dir='ltr'><strong>acque</strong></span> <span class='ocrx_word' id='word_1_154' title='bbox 1702 2392 1810 2453; x_wconf 84' lang='lat' dir='ltr'><strong>multas</strong></span> <span class='ocrx_word' id='word_1_155' title='bbox 1832 2393 1939 2452; x_wconf 84' lang='lat' dir='ltr'><strong>inerint</strong></span> <span class='ocrx_word' id='word_1_156' title='bbox 1961 2392 2084 2466; x_wconf 84' lang='lat' dir='ltr'><strong>divisae,</strong></span> 
     </span>
    </p>
   </div>
   <div class='ocr_carea' id='block_1_6' title="bbox 730 2479 2202 2559">
    <p class='ocr_par' dir='ltr' id='par_1_7' title="bbox 730 2479 2202 2559">
     <span class='ocr_line' id='line_1_18' title="bbox 730 2479 2202 2559; baseline 0 -19"><span class='ocrx_word' id='word_1_157' title='bbox 730 2482 819 2540; x_wconf 85' lang='lat' dir='ltr'><strong>altera</strong></span> <span class='ocrx_word' id='word_1_158' title='bbox 840 2481 888 2540; x_wconf 88' lang='lat' dir='ltr'><strong>IV</strong></span> <span class='ocrx_word' id='word_1_159' title='bbox 917 2482 947 2539; x_wconf 90' lang='lat' dir='ltr'><strong>in</strong></span> <span class='ocrx_word' id='word_1_160' title='bbox 978 2479 1132 2556; x_wconf 83' lang='lat' dir='ltr'><strong>aequales,</strong></span> <span class='ocrx_word' id='word_1_161' title='bbox 1165 2479 1278 2557; x_wconf 85' lang='lat' dir='ltr'><strong>reliqna</strong></span> <span class='ocrx_word' id='word_1_162' title='bbox 1306 2504 1340 2559; x_wconf 75' lang='lat' dir='ltr'><strong>pe</strong></span> <span class='ocrx_word' id='word_1_163' title='bbox 1370 2484 1399 2539; x_wconf 91' lang='lat' dir='ltr'><strong>in</strong></span> <span class='ocrx_word' id='word_1_164' title='bbox 1427 2497 1635 2557; x_wconf 82' lang='lat' dir='ltr'><strong>quascunque3</strong></span> <span class='ocrx_word' id='word_1_165' title='bbox 1668 2498 1720 2557; x_wconf 90' lang='lat' dir='ltr'><strong>per</strong></span> <span class='ocrx_word' id='word_1_166' title='bbox 1749 2482 1835 2557; x_wconf 90' lang='lat' dir='ltr'><strong>signa</strong></span> <span class='ocrx_word' id='word_1_167' title='bbox 1864 2499 1933 2551; x_wconf 82' lang='lat' dir='ltr'><strong>vern</strong></span> <span class='ocrx_word' id='word_1_168' title='bbox 1957 2488 2086 2541; x_wconf 87' lang='lat' dir='ltr'><strong>extrema</strong></span> <span class='ocrx_word' id='word_1_169' title='bbox 2199 2508 2202 2513; x_wconf 95' lang='lat'>·</span> 
     </span>
    </p>
   </div>
   <div class='ocr_carea' id='block_1_7' title="bbox 732 2566 2149 4393">
    <p class='ocr_par' dir='ltr' id='par_1_8' title="bbox 732 2566 2149 4126">
     <span class='ocr_line' id='line_1_19' title="bbox 732 2566 2087 2651; baseline 0 -24"><span class='ocrx_word' id='word_1_170' title='bbox 732 2570 916 2639; x_wconf 82' lang='lat' dir='ltr'><strong>divisionum,</strong></span> <span class='ocrx_word' id='word_1_171' title='bbox 941 2567 1059 2627; x_wconf 88' lang='lat' dir='ltr'><strong>alterius</strong></span> <span class='ocrx_word' id='word_1_172' title='bbox 1082 2570 1259 2647; x_wconf 88' lang='lat' dir='ltr'><strong>proximum,</strong></span> <span class='ocrx_word' id='word_1_173' title='bbox 1282 2569 1413 2645; x_wconf 91' lang='lat' dir='ltr'><strong>reliquae</strong></span> <span class='ocrx_word' id='word_1_174' title='bbox 1436 2569 1670 2641; x_wconf 88' lang='lat' dir='ltr'><strong>remotissimum,</strong></span> <span class='ocrx_word' id='word_1_175' title='bbox 1692 2574 1726 2627; x_wconf 91' lang='lat' dir='ltr'><strong>nt</strong></span> <span class='ocrx_word' id='word_1_176' title='bbox 1748 2585 1799 2647; x_wconf 89' lang='lat' dir='ltr'><strong>per</strong></span> <span class='ocrx_word' id='word_1_177' title='bbox 1821 2567 1845 2645; x_wconf 90' lang='lat'><strong>1,</strong></span> <span class='ocrx_word' id='word_1_178' title='bbox 1866 2590 1884 2651; x_wconf 83' lang='lat' dir='ltr'><strong>p</strong></span> <span class='ocrx_word' id='word_1_179' title='bbox 1906 2575 1936 2628; x_wconf 94' lang='lat' dir='ltr'><strong>et</strong></span> <span class='ocrx_word' id='word_1_180' title='bbox 1958 2566 1995 2641; x_wconf 88' lang='lat' dir='ltr'><strong>V,</strong></span> <span class='ocrx_word' id='word_1_181' title='bbox 2016 2590 2033 2627; x_wconf 84' lang='grc' dir='ltr'><strong><em>τ</em></strong></span> <span class='ocrx_word' id='word_1_182' title='bbox 2057 2575 2087 2628; x_wconf 93' lang='lat' dir='ltr'><strong>et</strong></span> 
     </span>
     <span class='ocr_line' id='line_1_20' title="bbox 732 2652 2149 2737; baseline 0.001 -23"><span class='ocrx_word' id='word_1_183' title='bbox 732 2675 777 2732; x_wconf 91' lang='lat' dir='ltr'><strong>per</strong></span> <span class='ocrx_word' id='word_1_184' title='bbox 799 2656 870 2715; x_wconf 87' lang='lat' dir='ltr'><strong>bina</strong></span> <span class='ocrx_word' id='word_1_185' title='bbox 892 2664 924 2716; x_wconf 90' lang='lat' dir='ltr'><strong>et</strong></span> <span class='ocrx_word' id='word_1_186' title='bbox 946 2656 1016 2714; x_wconf 87' lang='lat' dir='ltr'><strong>bina</strong></span> <span class='ocrx_word' id='word_1_187' title='bbox 1038 2656 1073 2713; x_wconf 90' lang='lat' dir='ltr'><strong>iis</strong></span> <span class='ocrx_word' id='word_1_188' title='bbox 1095 2654 1283 2715; x_wconf 78' lang='lat' dir='ltr'><strong>succedentia</strong></span> <span class='ocrx_word' id='word_1_189' title='bbox 1298 2656 1440 2716; x_wconf 90' lang='lat' dir='ltr'><strong>ducantur</strong></span> <span class='ocrx_word' id='word_1_190' title='bbox 1455 2652 1589 2733; x_wconf 75' lang='lat' dir='ltr'><strong>singulae</strong></span> <span class='ocrx_word' id='word_1_191' title='bbox 1603 2662 1746 2729; x_wconf 81' lang='lat' dir='ltr'><strong>secantes,</strong></span> <span class='ocrx_word' id='word_1_192' title='bbox 1772 2657 1814 2715; x_wconf 90' lang='lat' dir='ltr'><strong>sic</strong></span> <span class='ocrx_word' id='word_1_193' title='bbox 1828 2663 1861 2714; x_wconf 89' lang='lat' dir='ltr'><strong>ut</strong></span> <span class='ocrx_word' id='word_1_194' title='bbox 1876 2658 1964 2716; x_wconf 89' lang='lat' dir='ltr'><strong>ctiam</strong></span> <span class='ocrx_word' id='word_1_195' title='bbox 1980 2654 2085 2719; x_wconf 74' lang='lat' dir='ltr'><strong>dueme</strong></span> <span class='ocrx_word' id='word_1_196' title='bbox 2135 2722 2149 2737; x_wconf 57' lang='grc'>,</span> 
     </span>
     <span class='ocr_line' id='line_1_21' title="bbox 737 2741 2087 2822; baseline 0.001 -21"><span class='ocrx_word' id='word_1_197' title='bbox 737 2761 763 2802; x_wconf 89' lang='lat' dir='ltr'><strong>se</strong></span> <span class='ocrx_word' id='word_1_198' title='bbox 786 2752 891 2804; x_wconf 89' lang='lat' dir='ltr'><strong>mutuo</strong></span> <span class='ocrx_word' id='word_1_199' title='bbox 920 2748 1037 2802; x_wconf 89' lang='lat' dir='ltr'><strong>secent:</strong></span> <span class='ocrx_word' id='word_1_200' title='bbox 1068 2743 1214 2803; x_wconf 90' lang='lat' dir='ltr'><strong>sectiones</strong></span> <span class='ocrx_word' id='word_1_201' title='bbox 1241 2743 1337 2803; x_wconf 82' lang='lat' dir='ltr'><strong>iactae</strong></span> <span class='ocrx_word' id='word_1_202' title='bbox 1360 2742 1572 2802; x_wconf 87' lang='lat' dir='ltr'><strong>ordinabuntur</strong></span> <span class='ocrx_word' id='word_1_203' title='bbox 1593 2743 1623 2801; x_wconf 89' lang='lat' dir='ltr'><strong>in</strong></span> <span class='ocrx_word' id='word_1_204' title='bbox 1645 2742 1731 2802; x_wconf 87' lang='lat' dir='ltr'><strong>lineis</strong></span> <span class='ocrx_word' id='word_1_205' title='bbox 1753 2746 1855 2817; x_wconf 88' lang='lat' dir='ltr'><strong>rectis,</strong></span> <span class='ocrx_word' id='word_1_206' title='bbox 1887 2741 2012 2821; x_wconf 80' lang='lat' dir='ltr'><strong>singuiis</strong></span> <span class='ocrx_word' id='word_1_207' title='bbox 2035 2760 2087 2822; x_wconf 87' lang='lat' dir='ltr'><strong>per</strong></span> 
     </span>
     <span class='ocr_line' id='line_1_22' title="bbox 740 2828 2086 2909; baseline 0.001 -22"><span class='ocrx_word' id='word_1_208' title='bbox 740 2832 865 2890; x_wconf 78' lang='lat' dir='ltr'><strong>rectrices</strong></span> <span class='ocrx_word' id='word_1_209' title='bbox 894 2838 924 2889; x_wconf 92' lang='lat' dir='ltr'><strong>et</strong></span> <span class='ocrx_word' id='word_1_210' title='bbox 951 2846 1040 2888; x_wconf 87' lang='lat' dir='ltr'><strong>unam</strong></span> <span class='ocrx_word' id='word_1_211' title='bbox 1062 2831 1155 2906; x_wconf 91' lang='lat' dir='ltr'><strong>primo</strong></span> <span class='ocrx_word' id='word_1_212' title='bbox 1179 2829 1338 2890; x_wconf 89' lang='lat' dir='ltr'><strong>divisarum</strong></span> <span class='ocrx_word' id='word_1_213' title='bbox 1361 2831 1550 2890; x_wconf 82' lang='lat' dir='ltr'><strong>transversim</strong></span> <span class='ocrx_word' id='word_1_214' title='bbox 1573 2828 1714 2890; x_wconf 86' lang='lat' dir='ltr'><strong>ducendis</strong></span> <span class='ocrx_word' id='word_1_215' title='bbox 1738 2837 1767 2889; x_wconf 89' lang='lat' dir='ltr'><strong>et</strong></span> <span class='ocrx_word' id='word_1_216' title='bbox 1789 2830 1918 2909; x_wconf 83' lang='lat' dir='ltr'><strong>trapezia</strong></span> <span class='ocrx_word' id='word_1_217' title='bbox 1941 2828 2086 2909; x_wconf 85' lang='lat' dir='ltr'><strong>diagona-</strong></span> 
     </span>
     <span class='ocr_line' id='line_1_23' title="bbox 740 2916 2086 2996; baseline 0.004 -22"><span class='ocrx_word' id='word_1_218' title='bbox 740 2917 794 2977; x_wconf 87' lang='lat' dir='ltr'><strong>iiter</strong></span> <span class='ocrx_word' id='word_1_219' title='bbox 821 2916 1038 2988; x_wconf 84' lang='lat' dir='ltr'><strong>dividentibus,</strong></span> <span class='ocrx_word' id='word_1_220' title='bbox 1069 2923 1100 2975; x_wconf 92' lang='lat' dir='ltr'><strong>et</strong></span> <span class='ocrx_word' id='word_1_221' title='bbox 1126 2918 1271 2994; x_wconf 90' lang='lat' dir='ltr'><strong>siqnidem</strong></span> <span class='ocrx_word' id='word_1_222' title='bbox 1300 2918 1389 2978; x_wconf 90' lang='lat' dir='ltr'><strong>etiam</strong></span> <span class='ocrx_word' id='word_1_223' title='bbox 1417 2918 1511 2979; x_wconf 87' lang='lat' dir='ltr'><strong>altere</strong></span> <span class='ocrx_word' id='word_1_224' title='bbox 1533 2919 1690 2995; x_wconf 89' lang='lat' dir='ltr'><strong>primarum</strong></span> <span class='ocrx_word' id='word_1_225' title='bbox 1714 2941 1749 2995; x_wconf 81' lang='lat' dir='ltr'><strong>ps</strong></span> <span class='ocrx_word' id='word_1_226' title='bbox 1772 2918 1801 2976; x_wconf 89' lang='lat' dir='ltr'><strong>in</strong></span> <span class='ocrx_word' id='word_1_227' title='bbox 1825 2924 1922 2996; x_wconf 90' lang='lat' dir='ltr'><strong>partes</strong></span> <span class='ocrx_word' id='word_1_228' title='bbox 1945 2917 2086 2994; x_wconf 83' lang='lat' dir='ltr'><strong>aequales</strong></span> 
     </span>
     <span class='ocr_line' id='line_1_24' title="bbox 745 3002 2086 3085; baseline 0.001 -22"><span class='ocrx_word' id='word_1_229' title='bbox 745 3004 824 3065; x_wconf 87' lang='lat' dir='ltr'><strong>divisa</strong></span> <span class='ocrx_word' id='word_1_230' title='bbox 849 3004 953 3082; x_wconf 89' lang='lat' dir='ltr'><strong>luerit,</strong></span> <span class='ocrx_word' id='word_1_231' title='bbox 982 3002 1098 3063; x_wconf 91' lang='lat' dir='ltr'><strong>ordines</strong></span> <span class='ocrx_word' id='word_1_232' title='bbox 1129 3003 1159 3062; x_wconf 84' lang='lat' dir='ltr'><strong>lii</strong></span> <span class='ocrx_word' id='word_1_233' title='bbox 1182 3009 1340 3065; x_wconf 86' lang='lat' dir='ltr'><strong>transversi</strong></span> <span class='ocrx_word' id='word_1_234' title='bbox 1362 3008 1527 3066; x_wconf 88' lang='lat' dir='ltr'><strong>sectionum</strong></span> <span class='ocrx_word' id='word_1_235' title='bbox 1550 3012 1634 3064; x_wconf 89' lang='lat' dir='ltr'><strong>erunt</strong></span> <span class='ocrx_word' id='word_1_236' title='bbox 1656 3007 1730 3065; x_wconf 88' lang='lat' dir='ltr'><strong>inter</strong></span> <span class='ocrx_word' id='word_1_237' title='bbox 1752 3021 1783 3065; x_wconf 90' lang='lat' dir='ltr'><strong>se</strong></span> <span class='ocrx_word' id='word_1_238' title='bbox 1806 3003 1954 3085; x_wconf 89' lang='lat' dir='ltr'><strong>paralleli:</strong></span> <span class='ocrx_word' id='word_1_239' title='bbox 1986 3007 2086 3065; x_wconf 90' lang='lat' dir='ltr'><strong>sinin</strong></span> 
     </span>
     <span class='ocr_line' id='line_1_25' title="bbox 748 3086 2085 3175; baseline 0.002 -24"><span class='ocrx_word' id='word_1_240' title='bbox 748 3102 830 3169; x_wconf 79' lang='lat' dir='ltr'><strong>partes</strong></span> <span class='ocrx_word' id='word_1_241' title='bbox 851 3089 1033 3175; x_wconf 84' lang='lat' dir='ltr'><strong>inaequales,</strong></span> <span class='ocrx_word' id='word_1_242' title='bbox 1057 3090 1157 3151; x_wconf 92' lang='lat' dir='ltr'><strong>ordine</strong></span> <span class='ocrx_word' id='word_1_243' title='bbox 1181 3100 1345 3152; x_wconf 87' lang='lat' dir='ltr'><strong>crescentes</strong></span> <span class='ocrx_word' id='word_1_244' title='bbox 1366 3086 1414 3174; x_wconf 90' lang='lat' dir='ltr'><strong>(nt</strong></span> <span class='ocrx_word' id='word_1_245' title='bbox 1436 3092 1483 3152; x_wconf 89' lang='lat' dir='ltr'><strong>hic</strong></span> <span class='ocrx_word' id='word_1_246' title='bbox 1505 3093 1535 3150; x_wconf 91' lang='lat' dir='ltr'><strong>in</strong></span> <span class='ocrx_word' id='word_1_247' title='bbox 1555 3092 1704 3152; x_wconf 88' lang='lat' dir='ltr'><strong>schemate</strong></span> <span class='ocrx_word' id='word_1_248' title='bbox 1720 3088 1762 3172; x_wconf 82' lang='lat'><strong>3),</strong></span> <span class='ocrx_word' id='word_1_249' title='bbox 1784 3094 1945 3153; x_wconf 73' lang='lat' dir='ltr'><strong>unusversi</strong></span> <span class='ocrx_word' id='word_1_250' title='bbox 1968 3092 2085 3154; x_wconf 89' lang='lat' dir='ltr'><strong>ordines</strong></span> 
     </span>
     <span class='ocr_line' id='line_1_26' title="bbox 748 3175 2086 3257; baseline 0.001 -20"><span class='ocrx_word' id='word_1_251' title='bbox 748 3187 900 3240; x_wconf 79' lang='lat' dir='ltr'><strong>oecument</strong></span> <span class='ocrx_word' id='word_1_252' title='bbox 923 3196 959 3239; x_wconf 86' lang='lat' dir='ltr'><strong>ex</strong></span> <span class='ocrx_word' id='word_1_253' title='bbox 980 3195 1040 3237; x_wconf 87' lang='lat' dir='ltr'><strong>nna</strong></span> <span class='ocrx_word' id='word_1_254' title='bbox 1061 3176 1168 3255; x_wconf 85' lang='lat' dir='ltr'><strong>plaga3</strong></span> <span class='ocrx_word' id='word_1_255' title='bbox 1191 3178 1325 3256; x_wconf 87' lang='lat' dir='ltr'><strong>singulae</strong></span> <span class='ocrx_word' id='word_1_256' title='bbox 1348 3196 1418 3239; x_wconf 87' lang='lat' dir='ltr'><strong>vero</strong></span> <span class='ocrx_word' id='word_1_257' title='bbox 1442 3182 1577 3239; x_wconf 89' lang='lat' dir='ltr'><strong>sectrices</strong></span> <span class='ocrx_word' id='word_1_258' title='bbox 1601 3178 1716 3255; x_wconf 73' lang='lat' dir='ltr'><strong>demae,</strong></span> <span class='ocrx_word' id='word_1_259' title='bbox 1739 3188 1772 3239; x_wconf 93' lang='lat' dir='ltr'><strong>ut</strong></span> <span class='ocrx_word' id='word_1_260' title='bbox 1793 3175 1841 3257; x_wconf 76' lang='grc' dir='ltr'><strong>ζθ,</strong></span> <span class='ocrx_word' id='word_1_261' title='bbox 1858 3203 1894 3257; x_wconf 74' lang='lat' dir='ltr'><strong>qr,</strong></span> <span class='ocrx_word' id='word_1_262' title='bbox 1919 3179 2086 3247; x_wconf 82' lang='lat' dir='ltr'><strong>dividentur</strong></span> 
     </span>
     <span class='ocr_line' id='line_1_27' title="bbox 749 3265 2084 3344; baseline 0.003 -20"><span class='ocrx_word' id='word_1_263' title='bbox 749 3269 874 3327; x_wconf 80' lang='lat' dir='ltr'><strong>secteris</strong></span> <span class='ocrx_word' id='word_1_264' title='bbox 897 3267 985 3327; x_wconf 91' lang='lat' dir='ltr'><strong>sociis</strong></span> <span class='ocrx_word' id='word_1_265' title='bbox 1007 3268 1039 3323; x_wconf 92' lang='lat' dir='ltr'><strong>in</strong></span> <span class='ocrx_word' id='word_1_266' title='bbox 1061 3272 1160 3342; x_wconf 90' lang='lat' dir='ltr'><strong>partes</strong></span> <span class='ocrx_word' id='word_1_267' title='bbox 1182 3265 1270 3338; x_wconf 88' lang='lat' dir='ltr'><strong>tales,</strong></span> <span class='ocrx_word' id='word_1_268' title='bbox 1302 3284 1379 3342; x_wconf 89' lang='lat' dir='ltr'><strong>quae</strong></span> <span class='ocrx_word' id='word_1_269' title='bbox 1408 3268 1468 3326; x_wconf 87' lang='lat' dir='ltr'><strong>sint</strong></span> <span class='ocrx_word' id='word_1_270' title='bbox 1495 3268 1659 3342; x_wconf 88' lang='lat' dir='ltr'><strong>quantitate</strong></span> <span class='ocrx_word' id='word_1_271' title='bbox 1681 3267 1796 3327; x_wconf 90' lang='lat' dir='ltr'><strong>mediae</strong></span> <span class='ocrx_word' id='word_1_272' title='bbox 1821 3269 1895 3327; x_wconf 84' lang='lat' dir='ltr'><strong>inter</strong></span> <span class='ocrx_word' id='word_1_273' title='bbox 1917 3274 2014 3344; x_wconf 90' lang='lat' dir='ltr'><strong>partes</strong></span> <span class='ocrx_word' id='word_1_274' title='bbox 2036 3286 2084 3328; x_wconf 93' lang='lat' dir='ltr'><strong>re-</strong></span> 
     </span>
     <span class='ocr_line' id='line_1_28' title="bbox 749 3351 2086 3432; baseline 0.002 -21"><span class='ocrx_word' id='word_1_275' title='bbox 749 3354 905 3427; x_wconf 88' lang='lat' dir='ltr'><strong>spondentes</strong></span> <span class='ocrx_word' id='word_1_276' title='bbox 928 3370 965 3413; x_wconf 86' lang='lat' dir='ltr'><strong>ex</strong></span> <span class='ocrx_word' id='word_1_277' title='bbox 985 3351 1071 3412; x_wconf 91' lang='lat' dir='ltr'><strong>lineis</strong></span> <span class='ocrx_word' id='word_1_278' title='bbox 1093 3354 1186 3429; x_wconf 89' lang='lat' dir='ltr'><strong>primo</strong></span> <span class='ocrx_word' id='word_1_279' title='bbox 1209 3352 1332 3426; x_wconf 88' lang='lat' dir='ltr'><strong>divisis,</strong></span> <span class='ocrx_word' id='word_1_280' title='bbox 1362 3353 1461 3414; x_wconf 88' lang='lat' dir='ltr'><strong>demto</strong></span> <span class='ocrx_word' id='word_1_281' title='bbox 1484 3370 1535 3426; x_wconf 86' lang='lat' dir='ltr'><strong>eo,</strong></span> <span class='ocrx_word' id='word_1_282' title='bbox 1566 3353 1645 3429; x_wconf 90' lang='lat' dir='ltr'><strong>quod</strong></span> <span class='ocrx_word' id='word_1_283' title='bbox 1667 3354 1696 3413; x_wconf 93' lang='lat' dir='ltr'><strong>in</strong></span> <span class='ocrx_word' id='word_1_284' title='bbox 1721 3354 1852 3430; x_wconf 90' lang='lat' dir='ltr'><strong>qualibet</strong></span> <span class='ocrx_word' id='word_1_285' title='bbox 1874 3355 1996 3415; x_wconf 86' lang='lat' dir='ltr'><strong>sestrice</strong></span> <span class='ocrx_word' id='word_1_286' title='bbox 2019 3373 2086 3432; x_wconf 90' lang='lat' dir='ltr'><strong>pars</strong></span> 
     </span>
     <span class='ocr_line' id='line_1_29' title="bbox 750 3435 2086 3522; baseline 0.001 -21"><span class='ocrx_word' id='word_1_287' title='bbox 750 3456 793 3501; x_wconf 81' lang='lat' dir='ltr'><strong>uss</strong></span> <span class='ocrx_word' id='word_1_288' title='bbox 811 3449 855 3503; x_wconf 88' lang='lat' dir='ltr'><strong>est</strong></span> <span class='ocrx_word' id='word_1_289' title='bbox 877 3441 924 3519; x_wconf 92' lang='lat' dir='ltr'><strong>(nt</strong></span> <span class='ocrx_word' id='word_1_290' title='bbox 946 3441 976 3501; x_wconf 90' lang='lat' dir='ltr'><strong>in</strong></span> <span class='ocrx_word' id='word_1_291' title='bbox 998 3436 1040 3513; x_wconf 77' lang='grc' dir='ltr'><strong>ζθ</strong></span> <span class='ocrx_word' id='word_1_292' title='bbox 1059 3457 1127 3516; x_wconf 90' lang='lat' dir='ltr'><strong>pars</strong></span> <span class='ocrx_word' id='word_1_293' title='bbox 1149 3435 1196 3522; x_wconf 73' lang='lat' dir='ltr'><strong>po)</strong></span> <span class='ocrx_word' id='word_1_294' title='bbox 1218 3442 1360 3502; x_wconf 90' lang='lat' dir='ltr'><strong>subtensa</strong></span> <span class='ocrx_word' id='word_1_295' title='bbox 1380 3442 1504 3503; x_wconf 92' lang='lat' dir='ltr'><strong>sectioni</strong></span> <span class='ocrx_word' id='word_1_296' title='bbox 1527 3443 1677 3519; x_wconf 81' lang='lat' dir='ltr'><strong>proximae</strong></span> <span class='ocrx_word' id='word_1_297' title='bbox 1698 3451 1728 3503; x_wconf 94' lang='lat' dir='ltr'><strong>et</strong></span> <span class='ocrx_word' id='word_1_298' title='bbox 1751 3444 1887 3517; x_wconf 80' lang='lat' dir='ltr'><strong>extimae,</strong></span> <span class='ocrx_word' id='word_1_299' title='bbox 1911 3459 1987 3521; x_wconf 90' lang='lat' dir='ltr'><strong>quae</strong></span> <span class='ocrx_word' id='word_1_300' title='bbox 2005 3442 2086 3503; x_wconf 89' lang='lat' dir='ltr'><strong>valet</strong></span> 
     </span>
     <span class='ocr_line' id='line_1_30' title="bbox 750 3526 2085 3604; baseline 0.001 -14"><span class='ocrx_word' id='word_1_301' title='bbox 750 3537 827 3602; x_wconf 81' lang='lat' dir='ltr'><strong>putes</strong></span> <span class='ocrx_word' id='word_1_302' title='bbox 848 3528 939 3603; x_wconf 78' lang='lat' dir='ltr'><strong>dues3</strong></span> <span class='ocrx_word' id='word_1_303' title='bbox 961 3533 991 3588; x_wconf 91' lang='lat' dir='ltr'><strong>et</strong></span> <span class='ocrx_word' id='word_1_304' title='bbox 1012 3526 1181 3603; x_wconf 82' lang='lat' dir='ltr'><strong>hujusmodi</strong></span> <span class='ocrx_word' id='word_1_305' title='bbox 1204 3527 1385 3589; x_wconf 86' lang='lat' dir='ltr'><strong>diversarum</strong></span> <span class='ocrx_word' id='word_1_306' title='bbox 1408 3531 1561 3589; x_wconf 88' lang='lat' dir='ltr'><strong>sectricem</strong></span> <span class='ocrx_word' id='word_1_307' title='bbox 1584 3545 1710 3604; x_wconf 87' lang='lat' dir='ltr'><strong>magnae</strong></span> <span class='ocrx_word' id='word_1_308' title='bbox 1733 3537 1762 3593; x_wconf 87' lang='lat' dir='ltr'><strong>et</strong></span> <span class='ocrx_word' id='word_1_309' title='bbox 1784 3531 1875 3589; x_wconf 89' lang='lat' dir='ltr'><strong>totins</strong></span> <span class='ocrx_word' id='word_1_310' title='bbox 1897 3529 2009 3604; x_wconf 81' lang='lat' dir='ltr'><strong>figurae</strong></span> <span class='ocrx_word' id='word_1_311' title='bbox 2032 3548 2085 3591; x_wconf 85' lang='lat' dir='ltr'><strong>ex·</strong></span> 
     </span>
     <span class='ocr_line' id='line_1_31' title="bbox 751 3614 2085 3695; baseline 0.005 -22"><span class='ocrx_word' id='word_1_312' title='bbox 751 3620 837 3677; x_wconf 78' lang='lat' dir='ltr'><strong>tenea</strong></span> <span class='ocrx_word' id='word_1_313' title='bbox 858 3625 975 3693; x_wconf 88' lang='lat' dir='ltr'><strong>partes,</strong></span> <span class='ocrx_word' id='word_1_314' title='bbox 1008 3621 1039 3674; x_wconf 93' lang='lat' dir='ltr'><strong>ut</strong></span> <span class='ocrx_word' id='word_1_315' title='bbox 1063 3616 1117 3691; x_wconf 77' lang='grc' dir='ltr'><strong>ιβ,</strong></span> <span class='ocrx_word' id='word_1_316' title='bbox 1139 3616 1187 3693; x_wconf 71' lang='lat' dir='ltr'><strong>ily,</strong></span> <span class='ocrx_word' id='word_1_317' title='bbox 1209 3621 1256 3695; x_wconf 75' lang='lat' dir='ltr'><strong>po,</strong></span> <span class='ocrx_word' id='word_1_318' title='bbox 1280 3621 1313 3677; x_wconf 80' lang='lat' dir='ltr'><strong>oe</strong></span> <span class='ocrx_word' id='word_1_319' title='bbox 1336 3621 1391 3677; x_wconf 89' lang='lat' dir='ltr'><strong>etc.</strong></span> <span class='ocrx_word' id='word_1_320' title='bbox 1422 3614 1598 3677; x_wconf 89' lang='lat' dir='ltr'><strong>adumbrant</strong></span> <span class='ocrx_word' id='word_1_321' title='bbox 1618 3615 1727 3679; x_wconf 89' lang='lat' dir='ltr'><strong>lineam</strong></span> <span class='ocrx_word' id='word_1_322' title='bbox 1750 3619 1859 3693; x_wconf 89' lang='lat' dir='ltr'><strong>speciei</strong></span> <span class='ocrx_word' id='word_1_323' title='bbox 1882 3633 1989 3678; x_wconf 87' lang='lat' dir='ltr'><strong>curvae</strong></span> <span class='ocrx_word' id='word_1_324' title='bbox 2012 3619 2085 3680; x_wconf 89' lang='lat' dir='ltr'><strong>irre·</strong></span> 
     </span>
     <span class='ocr_line' id='line_1_32' title="bbox 749 3700 2086 3783; baseline 0.001 -20"><span class='ocrx_word' id='word_1_325' title='bbox 749 3702 847 3777; x_wconf 67' lang='lat' dir='ltr'><strong>aalide</strong></span> <span class='ocrx_word' id='word_1_326' title='bbox 869 3719 948 3780; x_wconf 77' lang='lat' dir='ltr'><strong>qnae</strong></span> <span class='ocrx_word' id='word_1_327' title='bbox 971 3710 1004 3761; x_wconf 95' lang='lat' dir='ltr'><strong>ut</strong></span> <span class='ocrx_word' id='word_1_328' title='bbox 1025 3701 1187 3780; x_wconf 78' lang='lat' dir='ltr'><strong>hyperbole</strong></span> <span class='ocrx_word' id='word_1_329' title='bbox 1210 3700 1248 3763; x_wconf 83' lang='lat' dir='ltr'><strong>ed</strong></span> <span class='ocrx_word' id='word_1_330' title='bbox 1270 3710 1464 3781; x_wconf 80' lang='lat' dir='ltr'><strong>aspmptotoe,</strong></span> <span class='ocrx_word' id='word_1_331' title='bbox 1488 3705 1532 3763; x_wconf 89' lang='lat' dir='ltr'><strong>sic</strong></span> <span class='ocrx_word' id='word_1_332' title='bbox 1553 3705 1620 3781; x_wconf 92' lang='lat' dir='ltr'><strong>ipsa</strong></span> <span class='ocrx_word' id='word_1_333' title='bbox 1642 3720 1675 3763; x_wconf 87' lang='lat' dir='ltr'><strong>se</strong></span> <span class='ocrx_word' id='word_1_334' title='bbox 1697 3703 1735 3765; x_wconf 92' lang='lat' dir='ltr'><strong>ad</strong></span> <span class='ocrx_word' id='word_1_335' title='bbox 1752 3705 1844 3781; x_wconf 91' lang='lat' dir='ltr'><strong>primo</strong></span> <span class='ocrx_word' id='word_1_336' title='bbox 1861 3702 1972 3764; x_wconf 82' lang='lat' dir='ltr'><strong>divisas</strong></span> <span class='ocrx_word' id='word_1_337' title='bbox 1987 3705 2086 3783; x_wconf 87' lang='lat' dir='ltr'><strong>appli-</strong></span> 
     </span>
     <span class='ocr_line' id='line_1_33' title="bbox 749 3789 2086 3869; baseline 0.006 -22"><span class='ocrx_word' id='word_1_338' title='bbox 749 3799 788 3852; x_wconf 86' lang='lat' dir='ltr'><strong>cat.</strong></span> <span class='ocrx_word' id='word_1_339' title='bbox 828 3789 941 3865; x_wconf 85' lang='lat' dir='ltr'><strong>Quodsi</strong></span> <span class='ocrx_word' id='word_1_340' title='bbox 971 3790 1059 3849; x_wconf 88' lang='lat' dir='ltr'><strong>etiem</strong></span> <span class='ocrx_word' id='word_1_341' title='bbox 1088 3789 1181 3850; x_wconf 89' lang='lat' dir='ltr'><strong>altera</strong></span> <span class='ocrx_word' id='word_1_342' title='bbox 1211 3791 1370 3869; x_wconf 88' lang='lat' dir='ltr'><strong>primarum</strong></span> <span class='ocrx_word' id='word_1_343' title='bbox 1400 3790 1496 3853; x_wconf 90' lang='lat' dir='ltr'><strong>divisa</strong></span> <span class='ocrx_word' id='word_1_344' title='bbox 1526 3790 1612 3851; x_wconf 89' lang='lat' dir='ltr'><strong>luerit</strong></span> <span class='ocrx_word' id='word_1_345' title='bbox 1642 3792 1672 3850; x_wconf 91' lang='lat' dir='ltr'><strong>in</strong></span> <span class='ocrx_word' id='word_1_346' title='bbox 1702 3791 1855 3868; x_wconf 88' lang='lat' dir='ltr'><strong>aequalia,</strong></span> <span class='ocrx_word' id='word_1_347' title='bbox 1885 3800 1969 3851; x_wconf 90' lang='lat' dir='ltr'><strong>erunt</strong></span> <span class='ocrx_word' id='word_1_348' title='bbox 1996 3795 2086 3855; x_wconf 80' lang='lat' dir='ltr'><strong>etiam</strong></span> 
     </span>
     <span class='ocr_line' id='line_1_34' title="bbox 748 3876 2083 3956; baseline 0.005 -23"><span class='ocrx_word' id='word_1_349' title='bbox 748 3879 867 3954; x_wconf 87' lang='lat' dir='ltr'><strong>cejnaqne</strong></span> <span class='ocrx_word' id='word_1_350' title='bbox 896 3877 1026 3937; x_wconf 81' lang='lat' dir='ltr'><strong>scotticis</strong></span> <span class='ocrx_word' id='word_1_351' title='bbox 1051 3885 1149 3952; x_wconf 90' lang='lat' dir='ltr'><strong>partes</strong></span> <span class='ocrx_word' id='word_1_352' title='bbox 1172 3894 1273 3937; x_wconf 91' lang='lat' dir='ltr'><strong>omnes</strong></span> <span class='ocrx_word' id='word_1_353' title='bbox 1296 3877 1446 3955; x_wconf 86' lang='lat' dir='ltr'><strong>aequales.</strong></span> <span class='ocrx_word' id='word_1_354' title='bbox 1492 3876 1523 3937; x_wconf 83' lang='lat' dir='ltr'><strong>Si</strong></span> <span class='ocrx_word' id='word_1_355' title='bbox 1551 3876 1644 3937; x_wconf 89' lang='lat' dir='ltr'><strong>altera</strong></span> <span class='ocrx_word' id='word_1_356' title='bbox 1671 3877 1828 3951; x_wconf 88' lang='lat' dir='ltr'><strong>linearum,</strong></span> <span class='ocrx_word' id='word_1_357' title='bbox 1857 3886 1931 3956; x_wconf 91' lang='lat' dir='ltr'><strong>puta</strong></span> <span class='ocrx_word' id='word_1_358' title='bbox 1958 3880 2008 3943; x_wconf 85' lang='lat' dir='ltr'><strong>liic</strong></span> <span class='ocrx_word' id='word_1_359' title='bbox 2028 3880 2083 3956; x_wconf 90' lang='lat' dir='ltr'><strong>IV,</strong></span> 
     </span>
     <span class='ocr_line' id='line_1_35' title="bbox 746 3962 2084 4043; baseline 0.006 -24"><span class='ocrx_word' id='word_1_360' title='bbox 746 3979 788 4023; x_wconf 87' lang='grc' dir='ltr'><strong>ιιι</strong></span> <span class='ocrx_word' id='word_1_361' title='bbox 808 3965 932 4025; x_wconf 90' lang='lat' dir='ltr'><strong>muitum</strong></span> <span class='ocrx_word' id='word_1_362' title='bbox 955 3962 1070 4024; x_wconf 81' lang='lat' dir='ltr'><strong>differat</strong></span> <span class='ocrx_word' id='word_1_363' title='bbox 1090 3981 1109 4025; x_wconf 89' lang='lat' dir='ltr'><strong>a</strong></span> <span class='ocrx_word' id='word_1_364' title='bbox 1131 3972 1219 4039; x_wconf 86' lang='lat' dir='ltr'><strong>recta,</strong></span> <span class='ocrx_word' id='word_1_365' title='bbox 1242 3974 1312 4027; x_wconf 91' lang='lat' dir='ltr'><strong>tune</strong></span> <span class='ocrx_word' id='word_1_366' title='bbox 1333 3983 1430 4042; x_wconf 90' lang='lat' dir='ltr'><strong>neque</strong></span> <span class='ocrx_word' id='word_1_367' title='bbox 1453 3981 1506 4040; x_wconf 91' lang='lat' dir='ltr'><strong>ea,</strong></span> <span class='ocrx_word' id='word_1_368' title='bbox 1530 3982 1607 4043; x_wconf 87' lang='lat' dir='ltr'><strong>quae</strong></span> <span class='ocrx_word' id='word_1_369' title='bbox 1630 3963 1666 4026; x_wconf 92' lang='lat' dir='ltr'><strong>de</strong></span> <span class='ocrx_word' id='word_1_370' title='bbox 1689 3968 1728 4026; x_wconf 92' lang='lat' dir='ltr'><strong>iis</strong></span> <span class='ocrx_word' id='word_1_371' title='bbox 1748 3969 1779 4025; x_wconf 89' lang='lat' dir='ltr'><strong>in</strong></span> <span class='ocrx_word' id='word_1_372' title='bbox 1801 3965 1981 4029; x_wconf 90' lang='lat' dir='ltr'><strong>theoremate</strong></span> <span class='ocrx_word' id='word_1_373' title='bbox 2004 3967 2084 4027; x_wconf 85' lang='lat' dir='ltr'><strong>affir-</strong></span> 
     </span>
     <span class='ocr_line' id='line_1_36' title="bbox 746 4049 1256 4126; baseline -0.004 -12"><span class='ocrx_word' id='word_1_374' title='bbox 746 4062 851 4126; x_wconf 85' lang='lat' dir='ltr'><strong>mutar,</strong></span> <span class='ocrx_word' id='word_1_375' title='bbox 874 4050 1001 4111; x_wconf 90' lang='lat' dir='ltr'><strong>multum</strong></span> <span class='ocrx_word' id='word_1_376' title='bbox 1025 4049 1142 4111; x_wconf 90' lang='lat' dir='ltr'><strong>diversa</strong></span> <span class='ocrx_word' id='word_1_377' title='bbox 1163 4061 1256 4113; x_wconf 84' lang='lat' dir='ltr'><strong>erunt</strong></span> 
     </span>
    </p>

    <p class='ocr_par' dir='ltr' id='par_1_9' title="bbox 737 4140 2083 4393">
     <span class='ocr_line' id='line_1_37' title="bbox 829 4140 2083 4219; baseline -0.001 -18"><span class='ocrx_word' id='word_1_378' title='bbox 829 4140 936 4201; x_wconf 80' lang='lat' dir='ltr'><strong>Cetera</strong></span> <span class='ocrx_word' id='word_1_379' title='bbox 957 4155 1010 4215; x_wconf 84' lang='lat' dir='ltr'><strong>pet</strong></span> <span class='ocrx_word' id='word_1_380' title='bbox 1030 4156 1063 4199; x_wconf 90' lang='lat' dir='ltr'><strong>se</strong></span> <span class='ocrx_word' id='word_1_381' title='bbox 1086 4147 1187 4218; x_wconf 88' lang='lat' dir='ltr'><strong>patent</strong></span> <span class='ocrx_word' id='word_1_382' title='bbox 1211 4148 1240 4200; x_wconf 88' lang='lat' dir='ltr'><strong>et</strong></span> <span class='ocrx_word' id='word_1_383' title='bbox 1265 4148 1334 4200; x_wconf 91' lang='lat' dir='ltr'><strong>sunt</strong></span> <span class='ocrx_word' id='word_1_384' title='bbox 1359 4148 1473 4201; x_wconf 66' lang='lat' dir='ltr'><strong>unium</strong></span> <span class='ocrx_word' id='word_1_385' title='bbox 1488 4141 1621 4216; x_wconf 84' lang='lat' dir='ltr'><strong>exegesis</strong></span> <span class='ocrx_word' id='word_1_386' title='bbox 1637 4156 1746 4217; x_wconf 89' lang='lat' dir='ltr'><strong>eorum,</strong></span> <span class='ocrx_word' id='word_1_387' title='bbox 1770 4159 1847 4218; x_wconf 88' lang='lat' dir='ltr'><strong>quae</strong></span> <span class='ocrx_word' id='word_1_388' title='bbox 1862 4149 2083 4219; x_wconf 89' lang='lat' dir='ltr'><strong>supponuntur:</strong></span> 
     </span>
     <span class='ocr_line' id='line_1_38' title="bbox 741 4223 2083 4305; baseline 0.002 -19"><span class='ocrx_word' id='word_1_389' title='bbox 741 4243 814 4287; x_wconf 88' lang='lat' dir='ltr'><strong>unum</strong></span> <span class='ocrx_word' id='word_1_390' title='bbox 836 4227 912 4302; x_wconf 86' lang='lat' dir='ltr'><strong>hoc,</strong></span> <span class='ocrx_word' id='word_1_391' title='bbox 937 4223 1018 4305; x_wconf 91' lang='lat' dir='ltr'><strong>quod</strong></span> <span class='ocrx_word' id='word_1_392' title='bbox 1040 4230 1185 4286; x_wconf 90' lang='lat' dir='ltr'><strong>sectiones</strong></span> <span class='ocrx_word' id='word_1_393' title='bbox 1208 4230 1238 4287; x_wconf 95' lang='lat' dir='ltr'><strong>in</strong></span> <span class='ocrx_word' id='word_1_394' title='bbox 1259 4238 1340 4289; x_wconf 87' lang='lat' dir='ltr'><strong>recta</strong></span> <span class='ocrx_word' id='word_1_395' title='bbox 1362 4228 1544 4302; x_wconf 89' lang='lat' dir='ltr'><strong>ordinentur,</strong></span> <span class='ocrx_word' id='word_1_396' title='bbox 1568 4229 1623 4289; x_wconf 86' lang='lat' dir='ltr'><strong>etsi</strong></span> <span class='ocrx_word' id='word_1_397' title='bbox 1645 4228 1923 4291; x_wconf 87' lang='lat' dir='ltr'><strong>demonstrationem</strong></span> <span class='ocrx_word' id='word_1_398' title='bbox 1947 4236 2083 4305; x_wconf 87' lang='lat' dir='ltr'><strong>merctur,</strong></span> 
     </span>
     <span class='ocr_line' id='line_1_39' title="bbox 737 4312 1674 4393; baseline 0.003 -21"><span class='ocrx_word' id='word_1_399' title='bbox 737 4314 796 4375; x_wconf 86' lang='lat' dir='ltr'><strong>nihii</strong></span> <span class='ocrx_word' id='word_1_400' title='bbox 819 4325 919 4375; x_wconf 66' lang='lat' dir='ltr'><strong>nmen</strong></span> <span class='ocrx_word' id='word_1_401' title='bbox 941 4314 1027 4373; x_wconf 89' lang='lat' dir='ltr'><strong>nobis</strong></span> <span class='ocrx_word' id='word_1_402' title='bbox 1049 4312 1088 4372; x_wconf 89' lang='lat' dir='ltr'><strong>ad</strong></span> <span class='ocrx_word' id='word_1_403' title='bbox 1110 4319 1252 4375; x_wconf 88' lang='lat' dir='ltr'><strong>cometica</strong></span> <span class='ocrx_word' id='word_1_404' title='bbox 1275 4316 1394 4377; x_wconf 82' lang='lat' dir='ltr'><strong>confert.</strong></span> <span class='ocrx_word' id='word_1_405' title='bbox 1439 4315 1591 4393; x_wconf 81' lang='lat' dir='ltr'><strong>Quaerant</strong></span> <span class='ocrx_word' id='word_1_406' title='bbox 1612 4315 1674 4375; x_wconf 86' lang='lat' dir='ltr'><strong>eiii.</strong></span> 
     </span>
    </p>
   </div>
   <div class='ocr_carea' id='block_1_8' title="bbox 765 4520 2044 4629">
    <p class='ocr_par' dir='ltr' id='par_1_10' title="bbox 765 4520 2044 4629">
     <span class='ocr_line' id='line_1_40' title="bbox 765 4520 2044 4629; baseline 0.001 -24"><span class='ocrx_word' id='word_1_407' title='bbox 765 4521 935 4629; x_wconf 60' lang='lat' dir='ltr'><strong>Querella</strong></span> <span class='ocrx_word' id='word_1_408' title='bbox 961 4523 1156 4603; x_wconf 76' lang='lat' dir='ltr'><strong>darneto</strong></span> <span class='ocrx_word' id='word_1_409' title='bbox 1181 4520 1348 4603; x_wconf 79' lang='lat' dir='ltr'><strong>occasione</strong></span> <span class='ocrx_word' id='word_1_410' title='bbox 1374 4528 1566 4604; x_wconf 72' lang='lat' dir='ltr'><strong>comensem</strong></span> <span class='ocrx_word' id='word_1_411' title='bbox 1594 4523 1669 4604; x_wconf 85' lang='lat' dir='ltr'><strong>enni</strong></span> <span class='ocrx_word' id='word_1_412' title='bbox 1700 4522 1801 4605; x_wconf 79' lang='lat'><strong>16¹8.</strong></span> <span class='ocrx_word' id='word_1_413' title='bbox 1829 4531 2044 4606; x_wconf 82' lang='lat' dir='ltr'><strong>accesserunt</strong></span> 
     </span>
    </p>
   </div>
   <div class='ocr_carea' id='block_1_9' title="bbox 1242 4688 1570 4763">
    <p class='ocr_par' dir='ltr' id='par_1_11' title="bbox 1242 4688 1570 4763">
     <span class='ocr_line' id='line_1_41' title="bbox 1242 4688 1570 4763; baseline 0.009 -5"><span class='ocrx_word' id='word_1_414' title='bbox 1242 4688 1432 4763; x_wconf 89' lang='lat' dir='ltr'><strong>Theoreme</strong></span> <span class='ocrx_word' id='word_1_415' title='bbox 1460 4688 1570 4761; x_wconf 84' lang='lat' dir='ltr'><strong>xviii.</strong></span> 
     </span>
    </p>
   </div>
   <div class='ocr_carea' id='block_1_10' title="bbox 714 4799 2082 5319">
    <p class='ocr_par' dir='ltr' id='par_1_12' title="bbox 720 4799 2082 4968">
     <span class='ocr_line' id='line_1_42' title="bbox 829 4799 2082 4882; baseline 0.002 -20"><span class='ocrx_word' id='word_1_416' title='bbox 829 4800 954 4862; x_wconf 77' lang='lat' dir='ltr'><strong>Cometa</strong></span> <span class='ocrx_word' id='word_1_417' title='bbox 976 4804 1096 4859; x_wconf 82' lang='lat' dir='ltr'><strong>vicinus</strong></span> <span class='ocrx_word' id='word_1_418' title='bbox 1120 4799 1184 4860; x_wconf 86' lang='lat' dir='ltr'><strong>Soli</strong></span> <span class='ocrx_word' id='word_1_419' title='bbox 1205 4802 1371 4862; x_wconf 82' lang='lat' dir='ltr'><strong>secundum</strong></span> <span class='ocrx_word' id='word_1_420' title='bbox 1394 4803 1617 4879; x_wconf 75' lang='lat' dir='ltr'><strong>lonpitudt&#39;nem</strong></span> <span class='ocrx_word' id='word_1_421' title='bbox 1638 4814 1667 4865; x_wconf 85' lang='lat' dir='ltr'><strong>et</strong></span> <span class='ocrx_word' id='word_1_422' title='bbox 1687 4804 1894 4882; x_wconf 65' lang='lat' dir='ltr'><strong>rasoprodus,</strong></span> <span class='ocrx_word' id='word_1_423' title='bbox 1917 4808 2082 4865; x_wconf 80' lang='lat' dir='ltr'><strong>necessario</strong></span> 
     </span>
     <span class='ocr_line' id='line_1_43' title="bbox 720 4888 1634 4968; baseline 0.001 -17"><span class='ocrx_word' id='word_1_424' title='bbox 720 4893 871 4965; x_wconf 72' lang='lat' dir='ltr'><strong>majoresve</strong></span> <span class='ocrx_word' id='word_1_425' title='bbox 895 4888 985 4949; x_wconf 65' lang='lat' dir='ltr'><strong>hoba</strong></span> <span class='ocrx_word' id='word_1_426' title='bbox 1008 4890 1212 4962; x_wconf 80' lang='lat' dir='ltr'><strong>trajectionem</strong></span> <span class='ocrx_word' id='word_1_427' title='bbox 1234 4890 1381 4948; x_wconf 70' lang='lat' dir='ltr'><strong>diuneam</strong></span> <span class='ocrx_word' id='word_1_428' title='bbox 1406 4908 1501 4968; x_wconf 78' lang='lat' dir='ltr'><strong>quum</strong></span> <span class='ocrx_word' id='word_1_429' title='bbox 1529 4892 1634 4952; x_wconf 77' lang='lat' dir='ltr'><strong>Terra.</strong></span> 
     </span>
    </p>

    <p class='ocr_par' dir='ltr' id='par_1_13' title="bbox 714 4974 2082 5319">
     <span class='ocr_line' id='line_1_44' title="bbox 825 4974 2082 5053; baseline -0.002 -17"><span class='ocrx_word' id='word_1_430' title='bbox 825 4976 862 5036; x_wconf 91' lang='lat' dir='ltr'><strong>1n</strong></span> <span class='ocrx_word' id='word_1_431' title='bbox 889 4975 1040 5036; x_wconf 86' lang='lat' dir='ltr'><strong>schemate</strong></span> <span class='ocrx_word' id='word_1_432' title='bbox 1063 4982 1092 5036; x_wconf 78' lang='lat'><strong>8.</strong></span> <span class='ocrx_word' id='word_1_433' title='bbox 1121 4977 1160 5034; x_wconf 90' lang='lat' dir='ltr'><strong>sit</strong></span> <span class='ocrx_word' id='word_1_434' title='bbox 1181 4976 1236 5035; x_wconf 72' lang='grc' dir='ltr'><strong>ΚΡ</strong></span> <span class='ocrx_word' id='word_1_435' title='bbox 1264 4977 1384 5035; x_wconf 89' lang='lat' dir='ltr'><strong>diurnus</strong></span> <span class='ocrx_word' id='word_1_436' title='bbox 1408 4977 1532 5051; x_wconf 86' lang='lat' dir='ltr'><strong>Terrae,</strong></span> <span class='ocrx_word' id='word_1_437' title='bbox 1561 4987 1590 5039; x_wconf 88' lang='lat' dir='ltr'><strong>et</strong></span> <span class='ocrx_word' id='word_1_438' title='bbox 1611 4979 1685 5053; x_wconf 85' lang='grc' dir='ltr'><strong>ΚΝ,</strong></span> <span class='ocrx_word' id='word_1_439' title='bbox 1716 4979 1770 5038; x_wconf 83' lang='lat' dir='ltr'><strong>FH</strong></span> <span class='ocrx_word' id='word_1_440' title='bbox 1793 4982 1935 5051; x_wconf 67' lang='lat' dir='ltr'><strong>visorne,</strong></span> <span class='ocrx_word' id='word_1_441' title='bbox 1965 4974 2082 5037; x_wconf 86' lang='lat' dir='ltr'><strong>vicinae</strong></span> 
     </span>
     <span class='ocr_line' id='line_1_45' title="bbox 719 5060 2079 5143; baseline 0 -19"><span class='ocrx_word' id='word_1_442' title='bbox 719 5067 849 5125; x_wconf 81' lang='lat' dir='ltr'><strong>visoriae</strong></span> <span class='ocrx_word' id='word_1_443' title='bbox 873 5062 952 5123; x_wconf 88' lang='lat' dir='ltr'><strong>Solis</strong></span> <span class='ocrx_word' id='word_1_444' title='bbox 975 5061 1048 5122; x_wconf 85' lang='grc' dir='ltr'><strong>ΚΧ.</strong></span> <span class='ocrx_word' id='word_1_445' title='bbox 1093 5061 1171 5137; x_wconf 85' lang='lat' dir='ltr'><strong>Quia</strong></span> <span class='ocrx_word' id='word_1_446' title='bbox 1194 5068 1283 5140; x_wconf 84' lang='lat' dir='ltr'><strong>igitur</strong></span> <span class='ocrx_word' id='word_1_447' title='bbox 1305 5082 1356 5142; x_wconf 91' lang='lat' dir='ltr'><strong>per</strong></span> <span class='ocrx_word' id='word_1_448' title='bbox 1379 5065 1433 5125; x_wconf 87' lang='lat' dir='ltr'><strong>has</strong></span> <span class='ocrx_word' id='word_1_449' title='bbox 1456 5067 1581 5126; x_wconf 89' lang='lat' dir='ltr'><strong>visories</strong></span> <span class='ocrx_word' id='word_1_450' title='bbox 1606 5075 1720 5137; x_wconf 75' lang='lat' dir='ltr'><strong>cometa</strong></span> <span class='ocrx_word' id='word_1_451' title='bbox 1742 5074 1864 5143; x_wconf 83' lang='lat' dir='ltr'><strong>apparet</strong></span> <span class='ocrx_word' id='word_1_452' title='bbox 1886 5060 2079 5142; x_wconf 74' lang='lat' dir='ltr'><strong>retrogradus,</strong></span> 
     </span>
     <span class='ocr_line' id='line_1_46' title="bbox 716 5149 2080 5233; baseline -0.004 -19"><span class='ocrx_word' id='word_1_453' title='bbox 716 5160 837 5233; x_wconf 86' lang='lat' dir='ltr'><strong>oportet</strong></span> <span class='ocrx_word' id='word_1_454' title='bbox 859 5160 893 5211; x_wconf 90' lang='lat' dir='ltr'><strong>nt</strong></span> <span class='ocrx_word' id='word_1_455' title='bbox 915 5149 1070 5227; x_wconf 83' lang='lat' dir='ltr'><strong>divergnnt</strong></span> <span class='ocrx_word' id='word_1_456' title='bbox 1092 5149 1187 5210; x_wconf 90' lang='lat' dir='ltr'><strong>lineae</strong></span> <span class='ocrx_word' id='word_1_457' title='bbox 1203 5168 1255 5227; x_wconf 92' lang='lat' dir='ltr'><strong>per</strong></span> <span class='ocrx_word' id='word_1_458' title='bbox 1270 5151 1310 5211; x_wconf 84' lang='lat' dir='ltr'><strong>tii.</strong></span> <span class='ocrx_word' id='word_1_459' title='bbox 1329 5150 1382 5211; x_wconf 91' lang='lat'><strong>111.</strong></span> <span class='ocrx_word' id='word_1_460' title='bbox 1419 5153 1491 5212; x_wconf 91' lang='lat' dir='ltr'><strong>Plus</strong></span> <span class='ocrx_word' id='word_1_461' title='bbox 1515 5155 1604 5229; x_wconf 85' lang='lat' dir='ltr'><strong>igitur</strong></span> <span class='ocrx_word' id='word_1_462' title='bbox 1626 5153 1735 5212; x_wconf 88' lang='lat' dir='ltr'><strong>distant</strong></span> <span class='ocrx_word' id='word_1_463' title='bbox 1757 5157 1785 5211; x_wconf 92' lang='lat' dir='ltr'><strong>in</strong></span> <span class='ocrx_word' id='word_1_464' title='bbox 1809 5157 1969 5212; x_wconf 89' lang='lat' dir='ltr'><strong>remotione</strong></span> <span class='ocrx_word' id='word_1_465' title='bbox 1993 5154 2080 5221; x_wconf 86' lang='lat' dir='ltr'><strong>ionga</strong></span> 
     </span>
     <span class='ocr_line' id='line_1_47' title="bbox 714 5237 2078 5319; baseline -0.002 -16"><span class='ocrx_word' id='word_1_466' title='bbox 714 5262 733 5303; x_wconf 76' lang='lat' dir='ltr'><strong>a</strong></span> <span class='ocrx_word' id='word_1_467' title='bbox 756 5239 866 5314; x_wconf 81' lang='lat' dir='ltr'><strong>Terra,</strong></span> <span class='ocrx_word' id='word_1_468' title='bbox 891 5244 964 5319; x_wconf 88' lang='lat' dir='ltr'><strong>puta</strong></span> <span class='ocrx_word' id='word_1_469' title='bbox 987 5241 1065 5302; x_wconf 83' lang='lat' dir='ltr'><strong>circa</strong></span> <span class='ocrx_word' id='word_1_470' title='bbox 1085 5237 1113 5298; x_wconf 88' lang='lat' dir='ltr'>N</span> <span class='ocrx_word' id='word_1_471' title='bbox 1135 5238 1184 5298; x_wconf 91' lang='lat' dir='ltr'><strong>vei</strong></span> <span class='ocrx_word' id='word_1_472' title='bbox 1207 5238 1247 5298; x_wconf 87' lang='lat' dir='ltr'><strong>H.</strong></span> <span class='ocrx_word' id='word_1_473' title='bbox 1293 5240 1369 5317; x_wconf 87' lang='lat' dir='ltr'><strong>Ergo</strong></span> <span class='ocrx_word' id='word_1_474' title='bbox 1394 5243 1420 5301; x_wconf 90' lang='lat' dir='ltr'><strong>si</strong></span> <span class='ocrx_word' id='word_1_475' title='bbox 1443 5241 1578 5319; x_wconf 87' lang='lat' dir='ltr'><strong>trajectio</strong></span> <span class='ocrx_word' id='word_1_476' title='bbox 1601 5249 1732 5303; x_wconf 90' lang='lat' dir='ltr'><strong>cometae</strong></span> <span class='ocrx_word' id='word_1_477' title='bbox 1755 5247 1831 5303; x_wconf 91' lang='lat' dir='ltr'><strong>esset</strong></span> <span class='ocrx_word' id='word_1_478' title='bbox 1854 5239 1995 5318; x_wconf 90' lang='lat' dir='ltr'><strong>parallele</strong></span> <span class='ocrx_word' id='word_1_479' title='bbox 2016 5242 2078 5293; x_wconf 75' lang='lat' dir='ltr'><strong>trt-</strong></span> 
     </span>
    </p>
   </div>
   <div class='ocr_carea' id='block_1_11' title="bbox 0 0 2794 6340">
    <p class='ocr_par' dir='ltr' id='par_1_14' title="bbox 0 0 2794 6340">
     <span class='ocr_line' id='line_1_48' title="bbox 0 0 2794 6340; baseline 0 0"><span class='ocrx_word' id='word_1_480' title='bbox 0 0 2794 6340; x_wconf 95' lang='lat' dir='ltr'><strong> </strong></span> 
     </span>
    </p>
   </div>
  </div>
 </body>
</html>
