5575 6342
1227 1965 1437 2064 LIBER
1483 1965 1559 2064 ΙΙΙ.

836 2173 897 2286 ni
933 2172 1392 2292 titinnitttttlttttlt
1427 2176 1650 2292 tunitii
1687 2176 1796 2290 titt
1831 2175 1953 2289 titt.

1321 2439 1474 2454 &Af-him

819 2633 895 2693 Cum
925 2631 1030 2710 triplex
1057 2633 1096 2693 sit
1122 2633 1228 2694 modus
1250 2633 1417 2715 explicandi
1439 2635 1668 2713 significationes
1691 2642 1888 2696 cometarum:
1922 2635 2074 2711 naturalis,

714 2722 949 2801 sympatbeticus
980 2727 1011 2780 et
1042 2738 1121 2782 mere
1155 2722 1385 2798 significativus,
1420 2723 1455 2783 do
1486 2727 1631 2800 praesenti
1663 2725 1751 2802 igitur
1783 2732 1898 2784 cometa
1929 2721 2074 2799 judicium

717 2812 928 2889 perscripturus
955 2810 1049 2887 primo
1077 2809 1196 2885 quidem
1228 2811 1332 2882 modo,
1366 2812 1416 2887 qui
1445 2821 1489 2871 est
1510 2811 1672 2871 seeundum
1697 2813 1836 2871 usitatam
1859 2822 1890 2870 et
1911 2810 2074 2872 naturalem

717 2899 926 2958 connexionem
942 2905 1073 2956 cometae
1096 2904 1127 2956 et
1141 2915 1249 2958 causae
1272 2915 1337 2958 eum
1353 2898 1472 2968 effectis,
1498 2898 1644 2976 paneade
1668 2903 1731 2977 ipso
1747 2915 1826 2975 quae
1847 2897 1944 2957 dicam
1966 2898 2072 2972 babeo,

718 3004 780 3046 enm
811 2987 841 3042 in
871 2982 1091 3060 septentrionali
1122 2984 1210 3062 plaga
1237 2985 1373 3046 decurrat
1399 2981 1441 3066 (¹)
1469 2986 1692 3064 eclipticamque
1716 2985 1846 3046 nondum
1869 2987 2013 3062 attigerit,
2043 2994 2075 3046 at

717 3091 768 3134 nee
801 3080 965 3132 attacturns
1003 3069 1155 3145 rideatur,
1195 3075 1294 3148 itaque
1329 3075 1440 3133 intaeta
1474 3082 1645 3151 permaneat
1674 3073 1712 3133 ab
1741 3073 1805 3149 ejus
1839 3071 1934 3134 cauda
1961 3072 2075 3134 isthaec

719 3161 899 3238 planetarum
922 3160 1037 3231 semita,
1062 3160 1139 3219 ritae
1161 3168 1278 3220 nostrae
1301 3162 1481 3237 sospitatrix.

818 3245 987 3308 Secundum
1010 3245 1143 3320 modum,
1167 3247 1223 3307 boe
1247 3255 1292 3307 est
1314 3249 1496 3325 sympathias
1519 3248 1726 3324 qnod‘attiuet
1747 3243 1794 3329 (Ψ),
1819 3245 1892 3307 illud
1916 3249 1945 3304 in
1968 3263 2074 3323 genere

720 3338 881 3411 praemitto,
904 3351 970 3394 eum
986 3342 1107 3411 aspectu
1130 3352 1238 3410 parvus
1255 3337 1362 3396 existat
1384 3353 1439 3396 nee
1456 3336 1558 3396 oculos
1582 3335 1740 3396 admodum
1763 3333 1913 3397 evidentur
1937 3338 2072 3408 incorrat,

720 3421 809 3482 cauda
842 3422 931 3481 etiam
959 3419 1066 3480 debilis
1096 3420 1232 3495 luminis,
1268 3431 1350 3483 tanto
1380 3425 1520 3483 minorem
1547 3423 1682 3483 iuturnm‘
1699 3423 1763 3500 ejus
1786 3439 1904 3499 quoque
1928 3422 2072 3482 effectum.

721 3510 857 3569 Existimo
874 3516 982 3582 tamen,
1005 3509 1165 3568 siceitatem
1183 3508 1263 3568 illam
1286 3506 1333 3587 (³),
1357 3528 1435 3586 quae
1454 3519 1570 3587 tempus
1593 3520 1673 3571 ortus
1696 3518 1829 3570 cometae
1854 3512 1981 3582 incurrit,
2006 3508 2073 3568 inde

721 3601 871 3668 exstitisse,
895 3595 974 3671 quod
989 3597 1104 3656 interna
1118 3596 1243 3656 facultas
1260 3597 1386 3656 Telluris
1407 3614 1485 3658 novo
1501 3603 1704 3675 pbuerromeno
1720 3596 1908 3658 exstimulata
1922 3599 2071 3670 exarserit,

720 3687 810 3759 itaque
841 3701 900 3744 nou
931 3683 1067 3743 absimile
1099 3701 1167 3744 tero
1199 3695 1261 3756 est,
1295 3684 1403 3744 alieubi
1434 3694 1526 3745 terrae
1556 3695 1668 3746 motum
1700 3685 1875 3746 coincidisse
1898 3683 1950 3759 (⁸).
1997 3684 2072 3743 Cum

720 3776 809 3847 itaque
833 3772 997 3832 siccitatem
1019 3787 1109 3848 penes
1137 3789 1191 3831 nos
1214 3771 1357 3845 effecerit,
1382 3774 1584 3831 tantominus
1607 3775 1644 3831 ab
1668 3790 1703 3831 eo
1728 3781 1826 3832 metuo
1850 3772 1971 3847 periculi
1995 3773 2072 3830 aeris

721 3860 888 3919 salubritati.
927 3859 973 3917 De
988 3874 1123 3918 annonae
1138 3860 1259 3918 caritate
1275 3859 1369 3933 major
1384 3861 1521 3936 suspicio.
1559 3860 1634 3919 Nam
1650 3860 1759 3920 alieubi
1777 3859 1851 3918 baec
1875 3860 1940 3935 ipsa
1954 3859 2071 3918 siccitas

722 3949 836 4006 sementi
865 3947 989 4006 tortasse
1018 3945 1085 4022 plus
1115 3947 1231 4018 nocuit,
1265 3965 1352 4022 qnam
1383 3946 1468 4005 nobis
1496 3948 1524 4003 in
1548 3946 1705 4018 Bohcmia3
1740 3947 1806 4005 aliis
1837 3946 1910 4005 locis
1938 3946 2071 4005 diversus

723 4044 809 4094 metus
841 4050 877 4093 ex
906 4032 1010 4093 eodem
1040 4033 1138 4106 tonte,
1171 4035 1264 4093 siccos
1295 4036 1372 4093 enim
1401 4042 1557 4093 autumnos
1589 4034 1679 4110 frigus
1708 4051 1773 4093 aere
1797 4042 1826 4093 et
1849 4032 2016 4093 diuturnum
2040 4042 2071 4092 ut

724 4121 870 4197 plurimum
894 4121 1057 4195 insequitur
1072 4115 1118 4200 (³).
1157 4119 1261 4196 ltaque
1277 4121 1314 4179 ad
1338 4120 1450 4180 radices
1473 4137 1650 4198 aquosorum
1673 4123 1826 4194 montium,
1851 4137 1928 4197 qnae
1950 4121 2070 4179 nivibus

723 4209 863 4268 abundare
891 4206 1002 4281 solent,
1037 4209 1086 4265 nix
1118 4206 1218 4267 adulto
1250 4225 1326 4268 anno
1357 4208 1466 4268 durans
1495 4218 1610 4284 segetes
1632 4209 1775 4269 suffocare
1797 4207 1882 4268 solet.
1928 4207 2010 4268 Haec
2034 4225 2070 4266 ox

723 4295 882 4373 sympathia
905 4293 980 4355 coeli
1003 4304 1032 4354 et
1054 4302 1175 4354 naturae
1199 4294 1365 4356 sublunaris
1386 4298 1471 4371 sequi
1494 4304 1723 4357 consentaneum
1746 4303 1798 4356 est.
1822 4291 1868 4375 (⁶).

820 4382 971 4458 Quantum
987 4399 1056 4442 vero
1078 4383 1184 4441 attinet
1198 4384 1283 4443 tertio
1298 4382 1365 4442 loeo
1382 4383 1509 4442 officinm
1533 4392 1673 4458 cometae,
1698 4403 1731 4442 ex
1747 4385 1866 4443 arbitrio
1882 4379 2071 4455 intelligentis
2142 4386 2145 4391 '

721 4473 832 4546 spiritns
854 4472 910 4545 ipsi
934 4470 1117 4546 impositum,
1141 4469 1176 4529 de
1200 4487 1235 4529 eo
1258 4473 1442 4547 praemittam
1466 4470 1531 4543 illa,
1565 4489 1641 4547 quae
1665 4480 1733 4531 sunt
1757 4473 1880 4529 certiora
1902 4478 1931 4527 et
1954 4470 2070 4527 tutiora.

723 4558 793 4631 Quid
823 4560 900 4617 enim
931 4574 986 4634 ego
1018 4574 1094 4616 unns
1122 4556 1266 4632 obloquor
1296 4558 1453 4618 universali
1484 4562 1639 4619 consensui
1669 4559 1788 4617 humani
1818 4558 1950 4633 generis,
1984 4571 2071 4630 quern

720 4645 843 4704 historiis
875 4645 1117 4721 frequentissimis
1150 4645 1302 4716 roborant,
1339 4647 1464 4721 quisquc
1496 4663 1548 4722 pro
1580 4663 1635 4705 suo
1667 4655 1763 4722 captu.
1810 4644 1914 4719 Itaque
1948 4642 2070 4714 affirmo,

721 4742 858 4792 cometam
888 4732 966 4792 hunc
989 4752 1008 4791 a
1031 4731 1096 4791 Deo
1124 4734 1199 4791 inter
1221 4732 1317 4791 sidera
1340 4732 1514 4807 exhibitum,
1551 4741 1581 4791 ut
1606 4745 1683 4792 essct
1706 4733 1903 4792 testimonium
1928 4732 2071 4791 universis

720 4831 747 4880 et
766 4819 891 4897 singulis
914 4817 1100 4879 mortalitatis
1123 4837 1211 4887 suae,
1243 4828 1333 4894 utque
1356 4819 1585 4893 admoneantur,
1615 4821 1762 4879 decretum
1785 4835 1850 4878 esse
1874 4819 1954 4890 Deo,
1989 4818 2071 4875 brevi

720 4910 823 4968 bonam
851 4909 966 4982 generis
995 4905 1114 4965 humaui
1138 4914 1249 4982 partem
1273 4909 1455 4983 promiscuae
1478 4908 1653 4967 conditionis
1676 4923 1850 4983 quacunque
1874 4906 1926 4965 lati
1949 4905 2011 4980 lege
2034 4921 2070 4960 ex

719 4996 772 5055 boc
803 4994 912 5054 mundo
941 4995 1110 5068 transferre3
1141 4994 1216 5053 baec
1246 5003 1278 5052 nt
1301 4997 1330 5052 in
1352 5011 1457 5067 genere
1481 5004 1572 5065 certa,
1606 4996 1648 5053 sic
1673 4992 1709 5054 de
1732 4994 1855 5068 singulis
1879 4991 2071 5052 incertissima

719 5100 781 5142 esse
804 5077 861 5163 (⁷)
897 5080 1020 5141 Nullum
1035 5082 1112 5140 enim
1134 5082 1254 5141 robusto
1278 5081 1463 5158 privilegium
1486 5099 1555 5159 prae
1573 5080 1719 5153 imbecilli,
1743 5080 1854 5140 nullum
1873 5081 1979 5155 juveni
2000 5091 2069 5150 prae

719 5187 795 5245 sene,
820 5167 932 5231 nullum
955 5167 1091 5248 deniqne,
1114 5185 1207 5230 orem
1223 5168 1440 5246 deplorandam,
1465 5172 1523 5230 vati
1538 5185 1609 5246 prae
1625 5168 1844 5237 consulentibus
1859 5164 1911 5243 (θ’).
1949 5164 2069 5225 Monere
