<?xml version="1.0" encoding="UTF-8"?>
<!DOCTYPE html PUBLIC "-//W3C//DTD XHTML 1.0 Transitional//EN"
    "http://www.w3.org/TR/xhtml1/DTD/xhtml1-transitional.dtd">
<html xmlns="http://www.w3.org/1999/xhtml" xml:lang="en" lang="en">
 <head>
  <title>
</title>
<meta http-equiv="Content-Type" content="text/html;charset=utf-8" />
  <meta name='ocr-system' content='tesseract 3.04.00' />
  <meta name='ocr-capabilities' content='ocr_page ocr_carea ocr_par ocr_line ocrx_word'/>
</head>
<body>
  <div class='ocr_page' id='page_1' title='image "./joanniskepleria16frisgoog/joanniskepleria16frisgoog_0252.png"; bbox 0 0 5575 6342; ppageno 0'>
   <div class='ocr_carea' id='block_1_1' title="bbox 1084 776 2096 859">
    <p class='ocr_par' dir='ltr' id='par_1_1' title="bbox 1084 776 2096 859">
     <span class='ocr_line' id='line_1_1' title="bbox 1084 776 2096 859; baseline 0.009 -18"><span class='ocrx_word' id='word_1_1' title='bbox 1084 785 1126 841; x_wconf 81' lang='lat' dir='ltr'><strong>aa</strong></span> <span class='ocrx_word' id='word_1_2' title='bbox 1143 786 1243 843; x_wconf 77' lang='lat' dir='ltr'><strong>nomm</strong></span> <span class='ocrx_word' id='word_1_3' title='bbox 1260 786 1307 842; x_wconf 91' lang='lat' dir='ltr'><strong>nr.</strong></span> <span class='ocrx_word' id='word_1_4' title='bbox 1329 785 1543 857; x_wconf 69' lang='lat' dir='ltr'><strong>cna-mesola</strong></span> <span class='ocrx_word' id='word_1_5' title='bbox 1562 803 1622 857; x_wconf 73' lang='lat' dir='ltr'><strong>sap.</strong></span> <span class='ocrx_word' id='word_1_6' title='bbox 1641 786 1665 841; x_wconf 81' lang='lat' dir='ltr'><strong>a</strong></span> <span class='ocrx_word' id='word_1_7' title='bbox 1989 789 2053 859; x_wconf 76' lang='lat'><strong>237</strong></span> <span class='ocrx_word' id='word_1_8' title='bbox 2094 776 2096 781; x_wconf 76' lang='grc'>’</span> 
     </span>
    </p>
   </div>
   <div class='ocr_carea' id='block_1_2' title="bbox 701 962 2094 3491">
    <p class='ocr_par' dir='ltr' id='par_1_2' title="bbox 704 962 2052 1129">
     <span class='ocr_line' id='line_1_2' title="bbox 704 962 2052 1045; baseline 0.003 -23"><span class='ocrx_word' id='word_1_9' title='bbox 704 963 831 1038; x_wconf 79' lang='lat' dir='ltr'><strong>Lunam,</strong></span> <span class='ocrx_word' id='word_1_10' title='bbox 855 965 885 1022; x_wconf 91' lang='lat' dir='ltr'><strong>in</strong></span> <span class='ocrx_word' id='word_1_11' title='bbox 908 980 962 1023; x_wconf 87' lang='lat' dir='ltr'><strong>sna</strong></span> <span class='ocrx_word' id='word_1_12' title='bbox 984 962 1078 1024; x_wconf 90' lang='lat' dir='ltr'><strong>redire</strong></span> <span class='ocrx_word' id='word_1_13' title='bbox 1100 966 1198 1043; x_wconf 86' lang='lat' dir='ltr'><strong>spatia</strong></span> <span class='ocrx_word' id='word_1_14' title='bbox 1219 966 1357 1026; x_wconf 87' lang='lat' dir='ltr'><strong>confectis</strong></span> <span class='ocrx_word' id='word_1_15' title='bbox 1380 965 1515 1026; x_wconf 81' lang='lat' dir='ltr'><strong>orbibus:</strong></span> <span class='ocrx_word' id='word_1_16' title='bbox 1546 985 1614 1028; x_wconf 91' lang='lat' dir='ltr'><strong>nam</strong></span> <span class='ocrx_word' id='word_1_17' title='bbox 1638 983 1693 1045; x_wconf 89' lang='lat' dir='ltr'><strong>ego</strong></span> <span class='ocrx_word' id='word_1_18' title='bbox 1715 967 1885 1027; x_wconf 91' lang='lat' dir='ltr'><strong>instantiam</strong></span> <span class='ocrx_word' id='word_1_19' title='bbox 1906 967 2052 1045; x_wconf 86' lang='lat' dir='ltr'><strong>profiteor,</strong></span> 
     </span>
     <span class='ocr_line' id='line_1_3' title="bbox 706 1051 1569 1129; baseline 0.003 -19"><span class='ocrx_word' id='word_1_20' title='bbox 706 1051 831 1112; x_wconf 86' lang='lat' dir='ltr'><strong>adducta</strong></span> <span class='ocrx_word' id='word_1_21' title='bbox 853 1059 1031 1112; x_wconf 87' lang='lat' dir='ltr'><strong>cometarum</strong></span> <span class='ocrx_word' id='word_1_22' title='bbox 1054 1055 1083 1110; x_wconf 93' lang='lat' dir='ltr'><strong>in</strong></span> <span class='ocrx_word' id='word_1_23' title='bbox 1108 1054 1192 1114; x_wconf 87' lang='lat' dir='ltr'><strong>coelo</strong></span> <span class='ocrx_word' id='word_1_24' title='bbox 1215 1054 1388 1129; x_wconf 89' lang='lat' dir='ltr'><strong>trajectione</strong></span> <span class='ocrx_word' id='word_1_25' title='bbox 1410 1054 1569 1115; x_wconf 88' lang='lat' dir='ltr'><strong>rectilinea.</strong></span> 
     </span>
    </p>

    <p class='ocr_par' dir='ltr' id='par_1_3' title="bbox 702 1138 2075 1655">
     <span class='ocr_line' id='line_1_4' title="bbox 804 1138 2053 1220; baseline 0.002 -22"><span class='ocrx_word' id='word_1_26' title='bbox 804 1140 834 1198; x_wconf 86' lang='lat'><strong>8.</strong></span> <span class='ocrx_word' id='word_1_27' title='bbox 872 1138 956 1213; x_wconf 88' lang='lat' dir='ltr'><strong>Scio,</strong></span> <span class='ocrx_word' id='word_1_28' title='bbox 985 1139 1074 1200; x_wconf 90' lang='lat' dir='ltr'><strong>aliam</strong></span> <span class='ocrx_word' id='word_1_29' title='bbox 1096 1141 1186 1201; x_wconf 91' lang='lat' dir='ltr'><strong>fuisse</strong></span> <span class='ocrx_word' id='word_1_30' title='bbox 1209 1140 1358 1220; x_wconf 85' lang='lat' dir='ltr'><strong>Tycbonis</strong></span> <span class='ocrx_word' id='word_1_31' title='bbox 1381 1145 1570 1215; x_wconf 81' lang='lat' dir='ltr'><strong>sententiam,</strong></span> <span class='ocrx_word' id='word_1_32' title='bbox 1600 1143 1649 1219; x_wconf 92' lang='lat' dir='ltr'><strong>qui</strong></span> <span class='ocrx_word' id='word_1_33' title='bbox 1673 1148 1785 1212; x_wconf 91' lang='lat' dir='ltr'><strong>tamen,</strong></span> <span class='ocrx_word' id='word_1_34' title='bbox 1808 1139 1877 1200; x_wconf 92' lang='lat' dir='ltr'><strong>licet</strong></span> <span class='ocrx_word' id='word_1_35' title='bbox 1899 1141 2053 1202; x_wconf 88' lang='lat' dir='ltr'><strong>circulares</strong></span> 
     </span>
     <span class='ocr_line' id='line_1_5' title="bbox 704 1227 2075 1306; baseline 0.003 -20"><span class='ocrx_word' id='word_1_36' title='bbox 704 1229 824 1287; x_wconf 81' lang='lat' dir='ltr'><strong>cometis</strong></span> <span class='ocrx_word' id='word_1_37' title='bbox 852 1234 949 1287; x_wconf 87' lang='lat' dir='ltr'><strong>motus</strong></span> <span class='ocrx_word' id='word_1_38' title='bbox 978 1228 1155 1304; x_wconf 88' lang='lat' dir='ltr'><strong>vindicaret,</strong></span> <span class='ocrx_word' id='word_1_39' title='bbox 1186 1227 1222 1288; x_wconf 89' lang='lat' dir='ltr'><strong>de</strong></span> <span class='ocrx_word' id='word_1_40' title='bbox 1250 1229 1427 1305; x_wconf 79' lang='lat' dir='ltr'><strong>perfectione</strong></span> <span class='ocrx_word' id='word_1_41' title='bbox 1455 1229 1659 1302; x_wconf 81' lang='lat' dir='ltr'><strong>nihilominus,</strong></span> <span class='ocrx_word' id='word_1_42' title='bbox 1692 1246 1751 1305; x_wconf 88' lang='lat' dir='ltr'><strong>que</strong></span> <span class='ocrx_word' id='word_1_43' title='bbox 1772 1227 1908 1304; x_wconf 89' lang='lat' dir='ltr'><strong>planetae</strong></span> <span class='ocrx_word' id='word_1_44' title='bbox 1930 1231 2075 1306; x_wconf 68' lang='lat' dir='ltr'><strong>pollent·</strong></span> 
     </span>
     <span class='ocr_line' id='line_1_6' title="bbox 704 1313 2053 1391; baseline 0.001 -17"><span class='ocrx_word' id='word_1_45' title='bbox 704 1316 825 1375; x_wconf 88' lang='lat' dir='ltr'><strong>cometia</strong></span> <span class='ocrx_word' id='word_1_46' title='bbox 856 1313 969 1390; x_wconf 88' lang='lat' dir='ltr'><strong>aliquid</strong></span> <span class='ocrx_word' id='word_1_47' title='bbox 1000 1318 1118 1376; x_wconf 87' lang='lat' dir='ltr'><strong>remisit.</strong></span> <span class='ocrx_word' id='word_1_48' title='bbox 1164 1316 1201 1375; x_wconf 87' lang='lat' dir='ltr'><strong>Et</strong></span> <span class='ocrx_word' id='word_1_49' title='bbox 1231 1317 1359 1377; x_wconf 86' lang='lat' dir='ltr'><strong>inculcat</strong></span> <span class='ocrx_word' id='word_1_50' title='bbox 1387 1316 1443 1375; x_wconf 86' lang='lat' dir='ltr'><strong>lroc</strong></span> <span class='ocrx_word' id='word_1_51' title='bbox 1474 1316 1688 1377; x_wconf 82' lang='lat' dir='ltr'><strong>claramontius</strong></span> <span class='ocrx_word' id='word_1_52' title='bbox 1718 1318 1780 1391; x_wconf 90' lang='lat' dir='ltr'><strong>ipsa</strong></span> <span class='ocrx_word' id='word_1_53' title='bbox 1802 1315 1852 1374; x_wconf 90' lang='lat' dir='ltr'><strong>fol.</strong></span> <span class='ocrx_word' id='word_1_54' title='bbox 1877 1319 1950 1375; x_wconf 79' lang='lat'><strong>263.</strong></span> <span class='ocrx_word' id='word_1_55' title='bbox 1994 1317 2053 1378; x_wconf 90' lang='lat' dir='ltr'><strong>Sed</strong></span> 
     </span>
     <span class='ocr_line' id='line_1_7' title="bbox 703 1401 2052 1481; baseline 0.001 -20"><span class='ocrx_word' id='word_1_56' title='bbox 703 1402 770 1461; x_wconf 83' lang='lat' dir='ltr'><strong>mibi</strong></span> <span class='ocrx_word' id='word_1_57' title='bbox 790 1403 855 1479; x_wconf 87' lang='lat' dir='ltr'><strong>jam</strong></span> <span class='ocrx_word' id='word_1_58' title='bbox 878 1401 916 1461; x_wconf 92' lang='lat' dir='ltr'><strong>ad</strong></span> <span class='ocrx_word' id='word_1_59' title='bbox 937 1403 1065 1463; x_wconf 89' lang='lat' dir='ltr'><strong>rationes</strong></span> <span class='ocrx_word' id='word_1_60' title='bbox 1081 1403 1271 1463; x_wconf 77' lang='lat' dir='ltr'><strong>claramontii</strong></span> <span class='ocrx_word' id='word_1_61' title='bbox 1294 1403 1508 1480; x_wconf 83' lang='lat' dir='ltr'><strong>oppugnandas</strong></span> <span class='ocrx_word' id='word_1_62' title='bbox 1524 1413 1704 1481; x_wconf 88' lang='lat' dir='ltr'><strong>transgresso</strong></span> <span class='ocrx_word' id='word_1_63' title='bbox 1726 1403 1846 1463; x_wconf 90' lang='lat' dir='ltr'><strong>libertas</strong></span> <span class='ocrx_word' id='word_1_64' title='bbox 1866 1405 1960 1480; x_wconf 88' lang='lat' dir='ltr'><strong>maj0r</strong></span> <span class='ocrx_word' id='word_1_65' title='bbox 1981 1421 2052 1464; x_wconf 90' lang='lat' dir='ltr'><strong>con-</strong></span> 
     </span>
     <span class='ocr_line' id='line_1_8' title="bbox 705 1489 2052 1569; baseline 0.001 -20"><span class='ocrx_word' id='word_1_66' title='bbox 705 1489 765 1549; x_wconf 84' lang='lat' dir='ltr'><strong>cedi</strong></span> <span class='ocrx_word' id='word_1_67' title='bbox 789 1489 879 1549; x_wconf 87' lang='lat' dir='ltr'><strong>debet</strong></span> <span class='ocrx_word' id='word_1_68' title='bbox 900 1506 918 1548; x_wconf 89' lang='lat' dir='ltr'><strong>a</strong></span> <span class='ocrx_word' id='word_1_69' title='bbox 939 1490 1036 1549; x_wconf 88' lang='lat' dir='ltr'><strong>verbis</strong></span> <span class='ocrx_word' id='word_1_70' title='bbox 1059 1497 1088 1550; x_wconf 92' lang='lat' dir='ltr'><strong>ct</strong></span> <span class='ocrx_word' id='word_1_71' title='bbox 1109 1491 1226 1568; x_wconf 89' lang='lat' dir='ltr'><strong>placitis</strong></span> <span class='ocrx_word' id='word_1_72' title='bbox 1241 1491 1402 1569; x_wconf 84' lang='lat' dir='ltr'><strong>Tyobonis‚</strong></span> <span class='ocrx_word' id='word_1_73' title='bbox 1427 1509 1514 1568; x_wconf 91' lang='lat' dir='ltr'><strong>quam</strong></span> <span class='ocrx_word' id='word_1_74' title='bbox 1536 1492 1680 1569; x_wconf 80' lang='lat' dir='ltr'><strong>superiori</strong></span> <span class='ocrx_word' id='word_1_75' title='bbox 1699 1491 1774 1550; x_wconf 91' lang='lat' dir='ltr'><strong>libro</strong></span> <span class='ocrx_word' id='word_1_76' title='bbox 1796 1489 1834 1549; x_wconf 90' lang='lat' dir='ltr'><strong>ad</strong></span> <span class='ocrx_word' id='word_1_77' title='bbox 1857 1490 2052 1551; x_wconf 89' lang='lat' dir='ltr'><strong>defendendas</strong></span> 
     </span>
     <span class='ocr_line' id='line_1_9' title="bbox 702 1574 1953 1655; baseline 0.001 -19"><span class='ocrx_word' id='word_1_78' title='bbox 702 1576 850 1655; x_wconf 76' lang='lat' dir='ltr'><strong>Tyclronia</strong></span> <span class='ocrx_word' id='word_1_79' title='bbox 872 1578 1009 1636; x_wconf 87' lang='lat' dir='ltr'><strong>rationes.</strong></span> <span class='ocrx_word' id='word_1_80' title='bbox 1948 1574 1953 1582; x_wconf 85' lang='lat'>&#39;</span> 
     </span>
    </p>

    <p class='ocr_par' dir='ltr' id='par_1_4' title="bbox 701 1663 2051 2090">
     <span class='ocr_line' id='line_1_10' title="bbox 804 1663 2051 1745; baseline 0.002 -22"><span class='ocrx_word' id='word_1_81' title='bbox 804 1666 835 1723; x_wconf 87' lang='grc'><strong>9.</strong></span> <span class='ocrx_word' id='word_1_82' title='bbox 868 1663 1082 1724; x_wconf 78' lang='lat' dir='ltr'><strong>claromontius</strong></span> <span class='ocrx_word' id='word_1_83' title='bbox 1096 1663 1267 1742; x_wconf 56' lang='grc' dir='ltr'><strong>Γ1551155555</strong></span> <span class='ocrx_word' id='word_1_84' title='bbox 1290 1664 1393 1727; x_wconf 89' lang='lat' dir='ltr'><strong>eodem</strong></span> <span class='ocrx_word' id='word_1_85' title='bbox 1417 1665 1528 1725; x_wconf 81' lang='lat' dir='ltr'><strong>inducit</strong></span> <span class='ocrx_word' id='word_1_86' title='bbox 1550 1665 1630 1739; x_wconf 90' lang='lat' dir='ltr'><strong>folio,</strong></span> <span class='ocrx_word' id='word_1_87' title='bbox 1655 1680 1731 1724; x_wconf 91' lang='lat' dir='ltr'><strong>nunc</strong></span> <span class='ocrx_word' id='word_1_88' title='bbox 1753 1670 1928 1726; x_wconf 82' lang='lat' dir='ltr'><strong>asserentem</strong></span> <span class='ocrx_word' id='word_1_89' title='bbox 1952 1682 2051 1745; x_wconf 85' lang='lat' dir='ltr'><strong>corne·</strong></span> 
     </span>
     <span class='ocr_line' id='line_1_11' title="bbox 701 1750 2051 1829; baseline 0.001 -18"><span class='ocrx_word' id='word_1_90' title='bbox 701 1762 793 1811; x_wconf 78' lang='grc'><strong>15555</strong></span> <span class='ocrx_word' id='word_1_91' title='bbox 816 1758 915 1810; x_wconf 86' lang='lat' dir='ltr'><strong>mutua</strong></span> <span class='ocrx_word' id='word_1_92' title='bbox 936 1750 1163 1827; x_wconf 79' lang='lat' dir='ltr'><strong>regularitatem,</strong></span> <span class='ocrx_word' id='word_1_93' title='bbox 1186 1770 1263 1811; x_wconf 89' lang='lat' dir='ltr'><strong>nnnc</strong></span> <span class='ocrx_word' id='word_1_94' title='bbox 1278 1761 1450 1829; x_wconf 85' lang='lat' dir='ltr'><strong>negantem.</strong></span> <span class='ocrx_word' id='word_1_95' title='bbox 1496 1754 1536 1811; x_wconf 90' lang='grc' dir='ltr'><strong>Α1</strong></span> <span class='ocrx_word' id='word_1_96' title='bbox 1560 1759 1713 1828; x_wconf 90' lang='lat' dir='ltr'><strong>utrumque</strong></span> <span class='ocrx_word' id='word_1_97' title='bbox 1729 1751 1831 1829; x_wconf 84' lang='lat' dir='ltr'><strong>Tycha</strong></span> <span class='ocrx_word' id='word_1_98' title='bbox 1856 1753 1929 1812; x_wconf 83' lang='lat' dir='ltr'><strong>bene</strong></span> <span class='ocrx_word' id='word_1_99' title='bbox 1945 1762 1973 1812; x_wconf 92' lang='lat' dir='ltr'><strong>et</strong></span> <span class='ocrx_word' id='word_1_100' title='bbox 1988 1755 2051 1815; x_wconf 89' lang='lat' dir='ltr'><strong>sine</strong></span> 
     </span>
     <span class='ocr_line' id='line_1_12' title="bbox 701 1837 2051 1917; baseline 0.001 -19"><span class='ocrx_word' id='word_1_101' title='bbox 701 1837 939 1899; x_wconf 84' lang='lat' dir='ltr'><strong>contradictione.</strong></span> <span class='ocrx_word' id='word_1_102' title='bbox 983 1838 1058 1897; x_wconf 87' lang='lat' dir='ltr'><strong>Nam</strong></span> <span class='ocrx_word' id='word_1_103' title='bbox 1081 1842 1298 1915; x_wconf 88' lang='lat' dir='ltr'><strong>comparatione</strong></span> <span class='ocrx_word' id='word_1_104' title='bbox 1320 1840 1504 1917; x_wconf 89' lang='lat' dir='ltr'><strong>planetarum</strong></span> <span class='ocrx_word' id='word_1_105' title='bbox 1527 1840 1630 1917; x_wconf 88' lang='lat' dir='ltr'><strong>Tycho</strong></span> <span class='ocrx_word' id='word_1_106' title='bbox 1653 1841 1747 1898; x_wconf 86' lang='lat' dir='ltr'><strong>minna</strong></span> <span class='ocrx_word' id='word_1_107' title='bbox 1770 1849 1887 1916; x_wconf 81' lang='lat' dir='ltr'><strong>arrogat</strong></span> <span class='ocrx_word' id='word_1_108' title='bbox 1909 1841 2051 1917; x_wconf 86' lang='lat' dir='ltr'><strong>regulari-</strong></span> 
     </span>
     <span class='ocr_line' id='line_1_13' title="bbox 703 1926 2051 2004; baseline 0.002 -18"><span class='ocrx_word' id='word_1_109' title='bbox 703 1929 769 1987; x_wconf 86' lang='lat' dir='ltr'><strong>tatis</strong></span> <span class='ocrx_word' id='word_1_110' title='bbox 792 1928 932 2000; x_wconf 89' lang='lat' dir='ltr'><strong>cometis,</strong></span> <span class='ocrx_word' id='word_1_111' title='bbox 962 1929 1180 2002; x_wconf 86' lang='lat' dir='ltr'><strong>comparatione</strong></span> <span class='ocrx_word' id='word_1_112' title='bbox 1210 1945 1280 1987; x_wconf 81' lang='lat' dir='ltr'><strong>vero</strong></span> <span class='ocrx_word' id='word_1_113' title='bbox 1311 1935 1443 1988; x_wconf 89' lang='lat' dir='ltr'><strong>motuum</strong></span> <span class='ocrx_word' id='word_1_114' title='bbox 1473 1927 1692 1989; x_wconf 88' lang='lat' dir='ltr'><strong>elementarium</strong></span> <span class='ocrx_word' id='word_1_115' title='bbox 1722 1926 1868 2004; x_wconf 85' lang='lat' dir='ltr'><strong>regulares</strong></span> <span class='ocrx_word' id='word_1_116' title='bbox 1895 1930 2051 1989; x_wconf 86' lang='lat' dir='ltr'><strong>comaticoa</strong></span> 
     </span>
     <span class='ocr_line' id='line_1_14' title="bbox 702 2013 1182 2090; baseline -0.002 -16"><span class='ocrx_word' id='word_1_117' title='bbox 702 2024 729 2074; x_wconf 88' lang='lat' dir='ltr'><strong>at</strong></span> <span class='ocrx_word' id='word_1_118' title='bbox 750 2013 902 2072; x_wconf 89' lang='lat' dir='ltr'><strong>ordinatos</strong></span> <span class='ocrx_word' id='word_1_119' title='bbox 923 2020 1001 2074; x_wconf 89' lang='lat' dir='ltr'><strong>recte</strong></span> <span class='ocrx_word' id='word_1_120' title='bbox 1024 2013 1182 2090; x_wconf 87' lang='lat' dir='ltr'><strong>praedicat.</strong></span> 
     </span>
    </p>

    <p class='ocr_par' dir='ltr' id='par_1_5' title="bbox 702 2099 2050 2355">
     <span class='ocr_line' id='line_1_15' title="bbox 807 2099 2049 2180; baseline 0.003 -21"><span class='ocrx_word' id='word_1_121' title='bbox 807 2102 856 2160; x_wconf 89' lang='grc'><strong>10.</strong></span> <span class='ocrx_word' id='word_1_122' title='bbox 888 2099 1103 2162; x_wconf 78' lang='lat' dir='ltr'><strong>claromontius</strong></span> <span class='ocrx_word' id='word_1_123' title='bbox 1124 2118 1161 2161; x_wconf 91' lang='lat' dir='ltr'><strong>ne</strong></span> <span class='ocrx_word' id='word_1_124' title='bbox 1185 2101 1400 2161; x_wconf 86' lang='lat' dir='ltr'><strong>difformitatem</strong></span> <span class='ocrx_word' id='word_1_125' title='bbox 1424 2101 1539 2178; x_wconf 88' lang='lat' dir='ltr'><strong>quidem</strong></span> <span class='ocrx_word' id='word_1_126' title='bbox 1563 2103 1735 2163; x_wconf 81' lang='lat' dir='ltr'><strong>uniformem</strong></span> <span class='ocrx_word' id='word_1_127' title='bbox 1757 2101 1898 2179; x_wconf 89' lang='lat' dir='ltr'><strong>permittit</strong></span> <span class='ocrx_word' id='word_1_128' title='bbox 1914 2105 2049 2180; x_wconf 89' lang='lat' dir='ltr'><strong>cometis;</strong></span> 
     </span>
     <span class='ocr_line' id='line_1_16' title="bbox 706 2186 2049 2269; baseline 0.002 -21"><span class='ocrx_word' id='word_1_129' title='bbox 706 2186 756 2248; x_wconf 85' lang='lat' dir='ltr'><strong>sed</strong></span> <span class='ocrx_word' id='word_1_130' title='bbox 779 2205 847 2248; x_wconf 90' lang='lat' dir='ltr'><strong>cnm</strong></span> <span class='ocrx_word' id='word_1_131' title='bbox 868 2188 940 2248; x_wconf 95' lang='lat' dir='ltr'><strong>folio</strong></span> <span class='ocrx_word' id='word_1_132' title='bbox 964 2190 1050 2249; x_wconf 88' lang='lat' dir='ltr'><strong>vertit</strong></span> <span class='ocrx_word' id='word_1_133' title='bbox 1071 2199 1100 2249; x_wconf 90' lang='lat' dir='ltr'><strong>et</strong></span> <span class='ocrx_word' id='word_1_134' title='bbox 1121 2206 1239 2250; x_wconf 87' lang='lat' dir='ltr'><strong>sensum</strong></span> <span class='ocrx_word' id='word_1_135' title='bbox 1263 2191 1399 2250; x_wconf 86' lang='lat' dir='ltr'><strong>vocabuli</strong></span> <span class='ocrx_word' id='word_1_136' title='bbox 1421 2199 1526 2266; x_wconf 83' lang='lat' dir='ltr'><strong>anctus,</strong></span> <span class='ocrx_word' id='word_1_137' title='bbox 1550 2189 1626 2249; x_wconf 88' lang='lat' dir='ltr'><strong>ludit</strong></span> <span class='ocrx_word' id='word_1_138' title='bbox 1648 2191 1903 2269; x_wconf 81' lang='lat' dir='ltr'><strong>aequivocatione,</strong></span> <span class='ocrx_word' id='word_1_139' title='bbox 1926 2190 1962 2250; x_wconf 91' lang='lat' dir='ltr'><strong>de</strong></span> <span class='ocrx_word' id='word_1_140' title='bbox 1984 2208 2049 2251; x_wconf 91' lang='lat' dir='ltr'><strong>mo-</strong></span> 
     </span>
     <span class='ocr_line' id='line_1_17' title="bbox 702 2274 2050 2355; baseline 0.002 -21"><span class='ocrx_word' id='word_1_141' title='bbox 702 2276 778 2335; x_wconf 82' lang='lat' dir='ltr'><strong>tibus</strong></span> <span class='ocrx_word' id='word_1_142' title='bbox 807 2274 932 2352; x_wconf 86' lang='lat' dir='ltr'><strong>loquens</strong></span> <span class='ocrx_word' id='word_1_143' title='bbox 960 2276 1182 2354; x_wconf 85' lang='lat' dir='ltr'><strong>apparentibus,</strong></span> <span class='ocrx_word' id='word_1_144' title='bbox 1213 2295 1278 2337; x_wconf 89' lang='lat' dir='ltr'><strong>cum</strong></span> <span class='ocrx_word' id='word_1_145' title='bbox 1307 2278 1343 2337; x_wconf 89' lang='lat' dir='ltr'><strong>dc</strong></span> <span class='ocrx_word' id='word_1_146' title='bbox 1374 2280 1451 2338; x_wconf 88' lang='lat' dir='ltr'><strong>veria</strong></span> <span class='ocrx_word' id='word_1_147' title='bbox 1483 2280 1511 2336; x_wconf 92' lang='lat' dir='ltr'><strong>in</strong></span> <span class='ocrx_word' id='word_1_148' title='bbox 1535 2277 1619 2340; x_wconf 91' lang='lat' dir='ltr'><strong>coelo</strong></span> <span class='ocrx_word' id='word_1_149' title='bbox 1649 2294 1811 2339; x_wconf 89' lang='lat' dir='ltr'><strong>sermonem</strong></span> <span class='ocrx_word' id='word_1_150' title='bbox 1835 2278 2050 2355; x_wconf 57' lang='grc'><strong>1555555515-</strong></span> 
     </span>
    </p>

    <p class='ocr_par' dir='ltr' id='par_1_6' title="bbox 721 2370 844 2425">
     <span class='ocr_line' id='line_1_18' title="bbox 721 2370 844 2425; baseline 0.016 -1"><span class='ocrx_word' id='word_1_151' title='bbox 721 2370 844 2425; x_wconf 82' lang='lat' dir='ltr'><strong>neretur.</strong></span> 
     </span>
    </p>

    <p class='ocr_par' dir='ltr' id='par_1_7' title="bbox 703 2382 2094 2860">
     <span class='ocr_line' id='line_1_19' title="bbox 703 2382 2050 2528; baseline 0.003 -19"><span class='ocrx_word' id='word_1_152' title='bbox 703 2382 721 2444; x_wconf 59' lang='lat' dir='ltr'>q</span> <span class='ocrx_word' id='word_1_153' title='bbox 806 2452 857 2511; x_wconf 92' lang='grc'><strong>11.</strong></span> <span class='ocrx_word' id='word_1_154' title='bbox 896 2449 943 2511; x_wconf 83' lang='grc'><strong>115</strong></span> <span class='ocrx_word' id='word_1_155' title='bbox 972 2457 1087 2510; x_wconf 88' lang='lat' dir='ltr'><strong>cometa</strong></span> <span class='ocrx_word' id='word_1_156' title='bbox 1115 2448 1232 2525; x_wconf 89' lang='lat' dir='ltr'><strong>quidem</strong></span> <span class='ocrx_word' id='word_1_157' title='bbox 1259 2450 1487 2527; x_wconf 88' lang='lat' dir='ltr'><strong>Regiomontani</strong></span> <span class='ocrx_word' id='word_1_158' title='bbox 1516 2451 1619 2511; x_wconf 88' lang='lat' dir='ltr'><strong>mirum</strong></span> <span class='ocrx_word' id='word_1_159' title='bbox 1650 2469 1737 2528; x_wconf 89' lang='lat' dir='ltr'><strong>qnam</strong></span> <span class='ocrx_word' id='word_1_160' title='bbox 1766 2453 1907 2511; x_wconf 79' lang='lat' dir='ltr'><strong>oscitante</strong></span> <span class='ocrx_word' id='word_1_161' title='bbox 1925 2447 2050 2514; x_wconf 71' lang='lat' dir='ltr'><strong>&#39;Jacobo</strong></span> 
     </span>
     <span class='ocr_line' id='line_1_20' title="bbox 704 2537 2050 2616; baseline 0.002 -20"><span class='ocrx_word' id='word_1_162' title='bbox 704 2537 834 2616; x_wconf 81' lang='lat' dir='ltr'><strong>Zieglero</strong></span> <span class='ocrx_word' id='word_1_163' title='bbox 856 2538 921 2615; x_wconf 87' lang='lat' dir='ltr'><strong>(qui</strong></span> <span class='ocrx_word' id='word_1_164' title='bbox 944 2555 1008 2598; x_wconf 89' lang='lat' dir='ltr'><strong>cam</strong></span> <span class='ocrx_word' id='word_1_165' title='bbox 1031 2537 1266 2598; x_wconf 89' lang='lat' dir='ltr'><strong>observationem</strong></span> <span class='ocrx_word' id='word_1_166' title='bbox 1290 2555 1325 2598; x_wconf 88' lang='lat' dir='ltr'><strong>err</strong></span> <span class='ocrx_word' id='word_1_167' title='bbox 1348 2537 1456 2597; x_wconf 87' lang='lat' dir='ltr'><strong>chartis</strong></span> <span class='ocrx_word' id='word_1_168' title='bbox 1478 2538 1718 2616; x_wconf 87' lang='lat' dir='ltr'><strong>Regiomontani,</strong></span> <span class='ocrx_word' id='word_1_169' title='bbox 1748 2547 1819 2615; x_wconf 90' lang='lat' dir='ltr'><strong>puto</strong></span> <span class='ocrx_word' id='word_1_170' title='bbox 1842 2543 1871 2597; x_wconf 91' lang='lat' dir='ltr'><strong>in</strong></span> <span class='ocrx_word' id='word_1_171' title='bbox 1894 2539 1981 2600; x_wconf 88' lang='lat' dir='ltr'><strong>ltalia</strong></span> <span class='ocrx_word' id='word_1_172' title='bbox 2003 2558 2050 2600; x_wconf 94' lang='lat' dir='ltr'><strong>re-</strong></span> 
     </span>
     <span class='ocr_line' id='line_1_21' title="bbox 704 2625 2052 2703; baseline 0.003 -21"><span class='ocrx_word' id='word_1_173' title='bbox 704 2625 785 2698; x_wconf 85' lang='lat' dir='ltr'><strong>lictis,</strong></span> <span class='ocrx_word' id='word_1_174' title='bbox 808 2625 967 2703; x_wconf 86' lang='lat' dir='ltr'><strong>excerpsit)</strong></span> <span class='ocrx_word' id='word_1_175' title='bbox 990 2626 1114 2685; x_wconf 87' lang='lat' dir='ltr'><strong>oscitent</strong></span> <span class='ocrx_word' id='word_1_176' title='bbox 1137 2642 1238 2684; x_wconf 90' lang='lat' dir='ltr'><strong>omnes</strong></span> <span class='ocrx_word' id='word_1_177' title='bbox 1260 2627 1504 2702; x_wconf 88' lang='lat' dir='ltr'><strong>transscriptores,</strong></span> <span class='ocrx_word' id='word_1_178' title='bbox 1528 2626 1653 2687; x_wconf 90' lang='lat' dir='ltr'><strong>eundem</strong></span> <span class='ocrx_word' id='word_1_179' title='bbox 1668 2636 1822 2701; x_wconf 88' lang='lat' dir='ltr'><strong>cometam,</strong></span> <span class='ocrx_word' id='word_1_180' title='bbox 1844 2629 1895 2703; x_wconf 91' lang='lat' dir='ltr'><strong>qul</strong></span> <span class='ocrx_word' id='word_1_181' title='bbox 1910 2630 1993 2687; x_wconf 86' lang='lat' dir='ltr'><strong>visua</strong></span> <span class='ocrx_word' id='word_1_182' title='bbox 2007 2635 2052 2689; x_wconf 90' lang='lat' dir='ltr'><strong>est</strong></span> 
     </span>
     <span class='ocr_line' id='line_1_22' title="bbox 706 2712 2051 2795; baseline 0.002 -23"><span class='ocrx_word' id='word_1_183' title='bbox 706 2730 777 2773; x_wconf 81' lang='lat' dir='ltr'><strong>anno</strong></span> <span class='ocrx_word' id='word_1_184' title='bbox 797 2714 890 2785; x_wconf 74' lang='lat'><strong>14⁷2,</strong></span> <span class='ocrx_word' id='word_1_185' title='bbox 915 2713 950 2773; x_wconf 93' lang='lat' dir='ltr'><strong>de</strong></span> <span class='ocrx_word' id='word_1_186' title='bbox 973 2729 1032 2789; x_wconf 90' lang='lat' dir='ltr'><strong>qno</strong></span> <span class='ocrx_word' id='word_1_187' title='bbox 1055 2721 1084 2773; x_wconf 90' lang='grc'><strong>51</strong></span> <span class='ocrx_word' id='word_1_188' title='bbox 1098 2712 1259 2788; x_wconf 84' lang='grc' dir='ltr'><strong>Ρ5515555,</strong></span> <span class='ocrx_word' id='word_1_189' title='bbox 1283 2714 1463 2774; x_wconf 90' lang='lat' dir='ltr'><strong>conferentes</strong></span> <span class='ocrx_word' id='word_1_190' title='bbox 1479 2716 1509 2773; x_wconf 90' lang='lat' dir='ltr'><strong>in</strong></span> <span class='ocrx_word' id='word_1_191' title='bbox 1523 2714 1808 2778; x_wconf 75' lang='grc'><strong>5555151415551</strong></span> <span class='ocrx_word' id='word_1_192' title='bbox 1828 2717 1922 2795; x_wconf 80' lang='lat' dir='ltr'><strong>ltro,</strong></span> <span class='ocrx_word' id='word_1_193' title='bbox 1944 2716 2051 2793; x_wconf 87' lang='lat' dir='ltr'><strong>quibus</strong></span> 
     </span>
     <span class='ocr_line' id='line_1_23' title="bbox 707 2798 2094 2860; baseline -0.002 -1"><span class='ocrx_word' id='word_1_194' title='bbox 707 2803 782 2860; x_wconf 80' lang='lat' dir='ltr'><strong>annis</strong></span> <span class='ocrx_word' id='word_1_195' title='bbox 805 2799 902 2860; x_wconf 87' lang='lat' dir='ltr'><strong>nullus</strong></span> <span class='ocrx_word' id='word_1_196' title='bbox 926 2798 1151 2860; x_wconf 83' lang='grc'><strong>555515151511.</strong></span> <span class='ocrx_word' id='word_1_197' title='bbox 2092 2809 2094 2812; x_wconf 74' lang='grc'>’</span> 
     </span>
    </p>

    <p class='ocr_par' dir='ltr' id='par_1_8' title="bbox 708 2886 2050 3228">
     <span class='ocr_line' id='line_1_24' title="bbox 806 2886 2050 2967; baseline 0.002 -20"><span class='ocrx_word' id='word_1_198' title='bbox 806 2890 855 2947; x_wconf 77' lang='lat'><strong>12.</strong></span> <span class='ocrx_word' id='word_1_199' title='bbox 892 2886 1014 2948; x_wconf 85' lang='lat' dir='ltr'><strong>Rectam</strong></span> <span class='ocrx_word' id='word_1_200' title='bbox 1039 2903 1108 2947; x_wconf 93' lang='lat' dir='ltr'><strong>vero</strong></span> <span class='ocrx_word' id='word_1_201' title='bbox 1131 2889 1160 2945; x_wconf 91' lang='lat' dir='ltr'><strong>in</strong></span> <span class='ocrx_word' id='word_1_202' title='bbox 1183 2886 1266 2947; x_wconf 90' lang='lat' dir='ltr'><strong>coelo</strong></span> <span class='ocrx_word' id='word_1_203' title='bbox 1290 2888 1485 2963; x_wconf 76' lang='lat' dir='ltr'><strong>traJectoriam</strong></span> <span class='ocrx_word' id='word_1_204' title='bbox 1508 2890 1674 2965; x_wconf 87' lang='lat' dir='ltr'><strong>assignare,</strong></span> <span class='ocrx_word' id='word_1_205' title='bbox 1704 2887 1829 2948; x_wconf 88' lang='lat' dir='ltr'><strong>divieam</strong></span> <span class='ocrx_word' id='word_1_206' title='bbox 1852 2890 2050 2967; x_wconf 70' lang='grc'><strong>1555515555</strong></span> 
     </span>
     <span class='ocr_line' id='line_1_25' title="bbox 708 2973 2050 3053; baseline 0.004 -20"><span class='ocrx_word' id='word_1_207' title='bbox 708 2973 820 3034; x_wconf 81' lang='lat' dir='ltr'><strong>diurnas</strong></span> <span class='ocrx_word' id='word_1_208' title='bbox 842 2973 991 3051; x_wconf 83' lang='lat' dir='ltr'><strong>aequales,</strong></span> <span class='ocrx_word' id='word_1_209' title='bbox 1015 2975 1211 3035; x_wconf 78' lang='lat' dir='ltr'><strong>uniformitate</strong></span> <span class='ocrx_word' id='word_1_210' title='bbox 1234 2977 1335 3051; x_wconf 90' lang='lat' dir='ltr'><strong>utique</strong></span> <span class='ocrx_word' id='word_1_211' title='bbox 1358 2975 1502 3049; x_wconf 90' lang='lat' dir='ltr'><strong>uniformi,</strong></span> <span class='ocrx_word' id='word_1_212' title='bbox 1527 2994 1603 3053; x_wconf 91' lang='lat' dir='ltr'><strong>quae</strong></span> <span class='ocrx_word' id='word_1_213' title='bbox 1618 2978 1807 3053; x_wconf 73' lang='lat' dir='ltr'><strong>appetentias</strong></span> <span class='ocrx_word' id='word_1_214' title='bbox 1823 2976 1904 3035; x_wconf 87' lang='lat' dir='ltr'><strong>illius</strong></span> <span class='ocrx_word' id='word_1_215' title='bbox 1919 2986 2050 3038; x_wconf 88' lang='lat' dir='ltr'><strong>cometae</strong></span> 
     </span>
     <span class='ocr_line' id='line_1_26' title="bbox 708 3061 2049 3141; baseline 0.003 -20"><span class='ocrx_word' id='word_1_216' title='bbox 708 3070 782 3123; x_wconf 83' lang='lat' dir='ltr'><strong>tanta</strong></span> <span class='ocrx_word' id='word_1_217' title='bbox 804 3061 968 3123; x_wconf 85' lang='lat' dir='ltr'><strong>subtilitate</strong></span> <span class='ocrx_word' id='word_1_218' title='bbox 981 3069 1186 3139; x_wconf 86' lang='lat' dir='ltr'><strong>repraesentet,</strong></span> <span class='ocrx_word' id='word_1_219' title='bbox 1211 3070 1322 3137; x_wconf 89' lang='lat' dir='ltr'><strong>quanta</strong></span> <span class='ocrx_word' id='word_1_220' title='bbox 1335 3073 1403 3121; x_wconf 89' lang='lat' dir='ltr'><strong>suut</strong></span> <span class='ocrx_word' id='word_1_221' title='bbox 1418 3061 1596 3141; x_wconf 87' lang='lat' dir='ltr'><strong>descriptae,</strong></span> <span class='ocrx_word' id='word_1_222' title='bbox 1620 3065 1685 3139; x_wconf 91' lang='lat' dir='ltr'><strong>boc,</strong></span> <span class='ocrx_word' id='word_1_223' title='bbox 1711 3067 1840 3141; x_wconf 88' lang='lat' dir='ltr'><strong>inquam,</strong></span> <span class='ocrx_word' id='word_1_224' title='bbox 1863 3065 1937 3126; x_wconf 91' lang='lat' dir='ltr'><strong>inter</strong></span> <span class='ocrx_word' id='word_1_225' title='bbox 1953 3075 2049 3126; x_wconf 86' lang='lat' dir='ltr'><strong>astro·</strong></span> 
     </span>
     <span class='ocr_line' id='line_1_27' title="bbox 710 3149 1978 3228; baseline 0.004 -21"><span class='ocrx_word' id='word_1_226' title='bbox 710 3154 819 3210; x_wconf 85' lang='lat' dir='ltr'><strong>uomica</strong></span> <span class='ocrx_word' id='word_1_227' title='bbox 841 3149 1024 3227; x_wconf 84' lang='lat' dir='ltr'><strong>problemata</strong></span> <span class='ocrx_word' id='word_1_228' title='bbox 1046 3156 1093 3209; x_wconf 84' lang='lat' dir='ltr'><strong>est</strong></span> <span class='ocrx_word' id='word_1_229' title='bbox 1114 3157 1143 3209; x_wconf 91' lang='lat' dir='ltr'><strong>et</strong></span> <span class='ocrx_word' id='word_1_230' title='bbox 1164 3150 1321 3225; x_wconf 86' lang='lat' dir='ltr'><strong>praestabo</strong></span> <span class='ocrx_word' id='word_1_231' title='bbox 1344 3150 1373 3208; x_wconf 94' lang='lat' dir='ltr'><strong>id</strong></span> <span class='ocrx_word' id='word_1_232' title='bbox 1396 3151 1471 3210; x_wconf 87' lang='lat' dir='ltr'><strong>iufra</strong></span> <span class='ocrx_word' id='word_1_233' title='bbox 1493 3153 1522 3208; x_wconf 93' lang='lat' dir='ltr'><strong>in</strong></span> <span class='ocrx_word' id='word_1_234' title='bbox 1546 3155 1733 3228; x_wconf 88' lang='lat' dir='ltr'><strong>responsione</strong></span> <span class='ocrx_word' id='word_1_235' title='bbox 1756 3151 1794 3211; x_wconf 89' lang='lat' dir='ltr'><strong>ed</strong></span> <span class='ocrx_word' id='word_1_236' title='bbox 1817 3159 1905 3228; x_wconf 89' lang='lat' dir='ltr'><strong>caput</strong></span> <span class='ocrx_word' id='word_1_237' title='bbox 1930 3158 1978 3213; x_wconf 83' lang='grc'><strong>11.</strong></span> 
     </span>
    </p>

    <p class='ocr_par' dir='ltr' id='par_1_9' title="bbox 707 3237 2048 3491">
     <span class='ocr_line' id='line_1_28' title="bbox 805 3237 2047 3300; baseline 0.001 -4"><span class='ocrx_word' id='word_1_238' title='bbox 805 3243 856 3296; x_wconf 82' lang='grc'><strong>13.</strong></span> <span class='ocrx_word' id='word_1_239' title='bbox 894 3238 941 3298; x_wconf 90' lang='lat' dir='ltr'><strong>De</strong></span> <span class='ocrx_word' id='word_1_240' title='bbox 971 3239 1092 3299; x_wconf 77' lang='lat' dir='ltr'><strong>cometis</strong></span> <span class='ocrx_word' id='word_1_241' title='bbox 1122 3240 1189 3296; x_wconf 89' lang='lat' dir='ltr'><strong>anni</strong></span> <span class='ocrx_word' id='word_1_242' title='bbox 1215 3242 1307 3297; x_wconf 84' lang='grc'><strong>1585.</strong></span> <span class='ocrx_word' id='word_1_243' title='bbox 1338 3251 1367 3298; x_wconf 87' lang='grc'><strong>51</strong></span> <span class='ocrx_word' id='word_1_244' title='bbox 1394 3240 1463 3296; x_wconf 85' lang='grc'><strong>5551</strong></span> <span class='ocrx_word' id='word_1_245' title='bbox 1489 3242 1580 3299; x_wconf 87' lang='grc'><strong>1590.</strong></span> <span class='ocrx_word' id='word_1_246' title='bbox 1613 3238 1689 3300; x_wconf 89' lang='lat' dir='ltr'><strong>idern</strong></span> <span class='ocrx_word' id='word_1_247' title='bbox 1713 3239 1822 3300; x_wconf 90' lang='lat' dir='ltr'><strong>dietum</strong></span> <span class='ocrx_word' id='word_1_248' title='bbox 1846 3247 1890 3299; x_wconf 88' lang='lat' dir='ltr'><strong>est</strong></span> <span class='ocrx_word' id='word_1_249' title='bbox 1911 3237 1985 3299; x_wconf 91' lang='lat' dir='ltr'><strong>libro</strong></span> <span class='ocrx_word' id='word_1_250' title='bbox 2008 3239 2047 3297; x_wconf 84' lang='lat' dir='ltr'><strong>ll.</strong></span> 
     </span>
     <span class='ocr_line' id='line_1_29' title="bbox 709 3321 2048 3404; baseline 0.003 -22"><span class='ocrx_word' id='word_1_251' title='bbox 709 3321 751 3382; x_wconf 85' lang='lat' dir='ltr'><strong>Sic</strong></span> <span class='ocrx_word' id='word_1_252' title='bbox 780 3325 871 3401; x_wconf 86' lang='lat' dir='ltr'><strong>igitur</strong></span> <span class='ocrx_word' id='word_1_253' title='bbox 901 3342 937 3383; x_wconf 86' lang='lat' dir='ltr'><strong>ax</strong></span> <span class='ocrx_word' id='word_1_254' title='bbox 968 3325 1046 3383; x_wconf 92' lang='lat' dir='ltr'><strong>omni</strong></span> <span class='ocrx_word' id='word_1_255' title='bbox 1076 3331 1158 3400; x_wconf 88' lang='lat' dir='ltr'><strong>perta</strong></span> <span class='ocrx_word' id='word_1_256' title='bbox 1187 3324 1358 3384; x_wconf 87' lang='lat' dir='ltr'><strong>dissolutam</strong></span> <span class='ocrx_word' id='word_1_257' title='bbox 1387 3324 1477 3385; x_wconf 91' lang='lat' dir='ltr'><strong>habet</strong></span> <span class='ocrx_word' id='word_1_258' title='bbox 1506 3324 1718 3387; x_wconf 79' lang='lat' dir='ltr'><strong>claramontius</strong></span> <span class='ocrx_word' id='word_1_259' title='bbox 1747 3328 1888 3386; x_wconf 89' lang='lat' dir='ltr'><strong>rationem</strong></span> <span class='ocrx_word' id='word_1_260' title='bbox 1917 3329 2048 3404; x_wconf 89' lang='lat' dir='ltr'><strong>primam,</strong></span> 
     </span>
     <span class='ocr_line' id='line_1_30' title="bbox 707 3408 1627 3491; baseline 0.005 -22"><span class='ocrx_word' id='word_1_261' title='bbox 707 3408 867 3488; x_wconf 76' lang='lat' dir='ltr'><strong>tabentque</strong></span> <span class='ocrx_word' id='word_1_262' title='bbox 890 3419 1031 3488; x_wconf 89' lang='lat' dir='ltr'><strong>cometae,</strong></span> <span class='ocrx_word' id='word_1_263' title='bbox 1054 3412 1190 3472; x_wconf 78' lang='lat' dir='ltr'><strong>submota</strong></span> <span class='ocrx_word' id='word_1_264' title='bbox 1212 3431 1257 3488; x_wconf 90' lang='lat' dir='ltr'><strong>ea,</strong></span> <span class='ocrx_word' id='word_1_265' title='bbox 1281 3420 1381 3489; x_wconf 82' lang='lat' dir='ltr'><strong>portae</strong></span> <span class='ocrx_word' id='word_1_266' title='bbox 1403 3412 1479 3474; x_wconf 91' lang='lat' dir='ltr'><strong>coeli</strong></span> <span class='ocrx_word' id='word_1_267' title='bbox 1501 3422 1627 3491; x_wconf 90' lang='lat' dir='ltr'><strong>apertas.</strong></span> 
     </span>
    </p>
   </div>
   <div class='ocr_carea' id='block_1_3' title="bbox 1183 3616 1561 3700">
    <p class='ocr_par' dir='ltr' id='par_1_10' title="bbox 1183 3616 1561 3700">
     <span class='ocr_line' id='line_1_31' title="bbox 1183 3616 1561 3700; baseline -0.013 -16"><span class='ocrx_word' id='word_1_268' title='bbox 1183 3619 1226 3685; x_wconf 80' lang='lat' dir='ltr'><strong>td</strong></span> <span class='ocrx_word' id='word_1_269' title='bbox 1249 3617 1344 3700; x_wconf 81' lang='lat' dir='ltr'><strong>eaput</strong></span> <span class='ocrx_word' id='word_1_270' title='bbox 1364 3619 1393 3684; x_wconf 78' lang='grc'><strong>1.</strong></span> <span class='ocrx_word' id='word_1_271' title='bbox 1417 3616 1470 3684; x_wconf 88' lang='grc'><strong>151.</strong></span> <span class='ocrx_word' id='word_1_272' title='bbox 1492 3618 1561 3685; x_wconf 68' lang='lat' dir='ltr'><strong>itt.</strong></span> 
     </span>
    </p>
   </div>
   <div class='ocr_carea' id='block_1_4' title="bbox 700 3758 2048 5327">
    <p class='ocr_par' dir='ltr' id='par_1_11' title="bbox 702 3758 2048 4523">
     <span class='ocr_line' id='line_1_32' title="bbox 805 3758 2048 3837; baseline -0.002 -17"><span class='ocrx_word' id='word_1_273' title='bbox 805 3767 833 3820; x_wconf 93' lang='lat'><strong>1.</strong></span> <span class='ocrx_word' id='word_1_274' title='bbox 871 3759 970 3821; x_wconf 86' lang='lat' dir='ltr'><strong>Prima</strong></span> <span class='ocrx_word' id='word_1_275' title='bbox 991 3760 1047 3821; x_wconf 90' lang='lat' dir='ltr'><strong>bae</strong></span> <span class='ocrx_word' id='word_1_276' title='bbox 1070 3759 1239 3821; x_wconf 84' lang='lat' dir='ltr'><strong>velitatione</strong></span> <span class='ocrx_word' id='word_1_277' title='bbox 1261 3765 1379 3835; x_wconf 88' lang='lat' dir='ltr'><strong>peracta</strong></span> <span class='ocrx_word' id='word_1_278' title='bbox 1398 3759 1546 3836; x_wconf 81' lang='lat' dir='ltr'><strong>Jactisque</strong></span> <span class='ocrx_word' id='word_1_279' title='bbox 1569 3758 1660 3822; x_wconf 91' lang='lat' dir='ltr'><strong>veluti</strong></span> <span class='ocrx_word' id='word_1_280' title='bbox 1683 3759 1764 3837; x_wconf 85' lang='lat' dir='ltr'><strong>pilia,</strong></span> <span class='ocrx_word' id='word_1_281' title='bbox 1790 3762 1852 3836; x_wconf 91' lang='lat' dir='ltr'><strong>jam</strong></span> <span class='ocrx_word' id='word_1_282' title='bbox 1876 3761 2048 3822; x_wconf 84' lang='lat' dir='ltr'><strong>claramon-</strong></span> 
     </span>
     <span class='ocr_line' id='line_1_33' title="bbox 707 3846 2046 3923; baseline -0.001 -17"><span class='ocrx_word' id='word_1_283' title='bbox 707 3848 757 3908; x_wconf 81' lang='lat' dir='ltr'><strong>tim</strong></span> <span class='ocrx_word' id='word_1_284' title='bbox 781 3856 936 3910; x_wconf 85' lang='lat' dir='ltr'><strong>veteranos</strong></span> <span class='ocrx_word' id='word_1_285' title='bbox 958 3848 1069 3908; x_wconf 86' lang='lat' dir='ltr'><strong>scilicet</strong></span> <span class='ocrx_word' id='word_1_286' title='bbox 1090 3849 1235 3920; x_wconf 89' lang='lat' dir='ltr'><strong>immittit,</strong></span> <span class='ocrx_word' id='word_1_287' title='bbox 1266 3846 1318 3906; x_wconf 90' lang='lat' dir='ltr'><strong>sed</strong></span> <span class='ocrx_word' id='word_1_288' title='bbox 1341 3863 1415 3921; x_wconf 91' lang='lat' dir='ltr'><strong>quos</strong></span> <span class='ocrx_word' id='word_1_289' title='bbox 1438 3863 1493 3923; x_wconf 89' lang='lat' dir='ltr'><strong>ego</strong></span> <span class='ocrx_word' id='word_1_290' title='bbox 1517 3847 1626 3907; x_wconf 90' lang='lat' dir='ltr'><strong>dudum</strong></span> <span class='ocrx_word' id='word_1_291' title='bbox 1649 3846 1752 3909; x_wconf 91' lang='lat' dir='ltr'><strong>occidi.</strong></span> <span class='ocrx_word' id='word_1_292' title='bbox 1796 3848 1938 3907; x_wconf 87' lang='lat' dir='ltr'><strong>Nimimm</strong></span> <span class='ocrx_word' id='word_1_293' title='bbox 1970 3847 2046 3907; x_wconf 90' lang='lat' dir='ltr'><strong>ultro</strong></span> 
     </span>
     <span class='ocr_line' id='line_1_34' title="bbox 706 3932 2046 4013; baseline -0.003 -18"><span class='ocrx_word' id='word_1_294' title='bbox 706 3938 730 3995; x_wconf 90' lang='lat' dir='ltr'><strong>in</strong></span> <span class='ocrx_word' id='word_1_295' title='bbox 757 3936 833 3997; x_wconf 89' lang='lat' dir='ltr'><strong>lueri</strong></span> <span class='ocrx_word' id='word_1_296' title='bbox 861 3932 944 4013; x_wconf 80' lang='lat' dir='ltr'><strong>parte</strong></span> <span class='ocrx_word' id='word_1_297' title='bbox 966 3936 1052 3995; x_wconf 86' lang='lat' dir='ltr'><strong>nobis</strong></span> <span class='ocrx_word' id='word_1_298' title='bbox 1074 3937 1199 4012; x_wconf 88' lang='lat' dir='ltr'><strong>imputat</strong></span> <span class='ocrx_word' id='word_1_299' title='bbox 1221 3951 1271 4007; x_wconf 92' lang='lat' dir='ltr'><strong>ea,</strong></span> <span class='ocrx_word' id='word_1_300' title='bbox 1306 3952 1381 4009; x_wconf 89' lang='lat' dir='ltr'><strong>quae</strong></span> <span class='ocrx_word' id='word_1_301' title='bbox 1406 3937 1500 4010; x_wconf 87' lang='lat' dir='ltr'><strong>eapite</strong></span> <span class='ocrx_word' id='word_1_302' title='bbox 1526 3941 1575 3997; x_wconf 87' lang='lat'><strong>11.</strong></span> <span class='ocrx_word' id='word_1_303' title='bbox 1598 3933 1663 3994; x_wconf 88' lang='lat' dir='ltr'><strong>libri</strong></span> <span class='ocrx_word' id='word_1_304' title='bbox 1687 3934 1726 3993; x_wconf 93' lang='lat' dir='ltr'><strong>ll.</strong></span> <span class='ocrx_word' id='word_1_305' title='bbox 1751 3956 1770 3995; x_wconf 87' lang='lat' dir='ltr'><strong>a</strong></span> <span class='ocrx_word' id='word_1_306' title='bbox 1792 3952 1913 3996; x_wconf 85' lang='lat' dir='ltr'><strong>numero</strong></span> <span class='ocrx_word' id='word_1_307' title='bbox 1937 3942 1986 3995; x_wconf 85' lang='grc'><strong>17.</strong></span> <span class='ocrx_word' id='word_1_308' title='bbox 2018 3936 2046 3991; x_wconf 89' lang='grc'><strong>15</strong></span> 
     </span>
     <span class='ocr_line' id='line_1_35' title="bbox 706 4022 2048 4102; baseline -0.001 -20"><span class='ocrx_word' id='word_1_309' title='bbox 706 4025 749 4084; x_wconf 82' lang='grc'><strong>10.</strong></span> <span class='ocrx_word' id='word_1_310' title='bbox 764 4023 956 4102; x_wconf 90' lang='lat' dir='ltr'><strong>plurimorum</strong></span> <span class='ocrx_word' id='word_1_311' title='bbox 971 4040 1107 4098; x_wconf 89' lang='lat' dir='ltr'><strong>errorum,</strong></span> <span class='ocrx_word' id='word_1_312' title='bbox 1131 4022 1267 4082; x_wconf 87' lang='lat' dir='ltr'><strong>falsitatis</strong></span> <span class='ocrx_word' id='word_1_313' title='bbox 1290 4029 1319 4082; x_wconf 90' lang='lat' dir='ltr'><strong>at</strong></span> <span class='ocrx_word' id='word_1_314' title='bbox 1340 4023 1511 4083; x_wconf 85' lang='lat' dir='ltr'><strong>manifestae</strong></span> <span class='ocrx_word' id='word_1_315' title='bbox 1535 4026 1673 4083; x_wconf 85' lang='lat' dir='ltr'><strong>vesaniae</strong></span> <span class='ocrx_word' id='word_1_316' title='bbox 1696 4024 1891 4099; x_wconf 85' lang='lat' dir='ltr'><strong>coarguimus.</strong></span> <span class='ocrx_word' id='word_1_317' title='bbox 1927 4022 2048 4082; x_wconf 86' lang='lat' dir='ltr'><strong>Summa</strong></span> 
     </span>
     <span class='ocr_line' id='line_1_36' title="bbox 705 4108 2048 4189; baseline -0.001 -20"><span class='ocrx_word' id='word_1_318' title='bbox 705 4110 771 4171; x_wconf 85' lang='lat' dir='ltr'><strong>haec</strong></span> <span class='ocrx_word' id='word_1_319' title='bbox 799 4120 880 4171; x_wconf 88' lang='lat' dir='ltr'><strong>erat:</strong></span> <span class='ocrx_word' id='word_1_320' title='bbox 910 4110 1013 4189; x_wconf 73' lang='lat' dir='ltr'><strong>Tycbo</strong></span> <span class='ocrx_word' id='word_1_321' title='bbox 1042 4129 1078 4170; x_wconf 89' lang='lat' dir='ltr'><strong>ex</strong></span> <span class='ocrx_word' id='word_1_322' title='bbox 1101 4110 1298 4188; x_wconf 87' lang='lat' dir='ltr'><strong>applicatione</strong></span> <span class='ocrx_word' id='word_1_323' title='bbox 1322 4110 1559 4169; x_wconf 89' lang='lat' dir='ltr'><strong>observationum</strong></span> <span class='ocrx_word' id='word_1_324' title='bbox 1583 4112 1669 4170; x_wconf 91' lang='lat' dir='ltr'><strong>unius</strong></span> <span class='ocrx_word' id='word_1_325' title='bbox 1692 4108 1750 4170; x_wconf 92' lang='lat' dir='ltr'><strong>diei</strong></span> <span class='ocrx_word' id='word_1_326' title='bbox 1772 4110 1951 4171; x_wconf 88' lang='lat' dir='ltr'><strong>diversarum</strong></span> <span class='ocrx_word' id='word_1_327' title='bbox 1973 4111 2048 4170; x_wconf 88' lang='lat' dir='ltr'><strong>eruit</strong></span> 
     </span>
     <span class='ocr_line' id='line_1_37' title="bbox 706 4197 2047 4275; baseline -0.001 -18"><span class='ocrx_word' id='word_1_328' title='bbox 706 4197 893 4259; x_wconf 75' lang='lat' dir='ltr'><strong>idamaeam</strong></span> <span class='ocrx_word' id='word_1_329' title='bbox 916 4200 945 4255; x_wconf 92' lang='lat' dir='ltr'><strong>in</strong></span> <span class='ocrx_word' id='word_1_330' title='bbox 967 4197 1166 4275; x_wconf 81' lang='lat' dir='ltr'><strong>parallaxibus</strong></span> <span class='ocrx_word' id='word_1_331' title='bbox 1189 4214 1332 4256; x_wconf 89' lang='lat' dir='ltr'><strong>summum</strong></span> <span class='ocrx_word' id='word_1_332' title='bbox 1346 4198 1432 4255; x_wconf 93' lang='lat' dir='ltr'><strong>trium</strong></span> <span class='ocrx_word' id='word_1_333' title='bbox 1448 4199 1634 4271; x_wconf 86' lang='lat' dir='ltr'><strong>minutorum,</strong></span> <span class='ocrx_word' id='word_1_334' title='bbox 1658 4214 1711 4257; x_wconf 92' lang='lat' dir='ltr'><strong>nec</strong></span> <span class='ocrx_word' id='word_1_335' title='bbox 1725 4197 1801 4258; x_wconf 88' lang='lat' dir='ltr'><strong>hanc</strong></span> <span class='ocrx_word' id='word_1_336' title='bbox 1816 4206 1913 4257; x_wconf 92' lang='lat' dir='ltr'><strong>tamen</strong></span> <span class='ocrx_word' id='word_1_337' title='bbox 1929 4199 2047 4256; x_wconf 89' lang='lat' dir='ltr'><strong>omnino</strong></span> 
     </span>
     <span class='ocr_line' id='line_1_38' title="bbox 704 4284 2046 4362; baseline -0.002 -16"><span class='ocrx_word' id='word_1_338' title='bbox 704 4294 824 4359; x_wconf 79' lang='lat' dir='ltr'><strong>certam,</strong></span> <span class='ocrx_word' id='word_1_339' title='bbox 847 4292 965 4362; x_wconf 88' lang='lat' dir='ltr'><strong>propter</strong></span> <span class='ocrx_word' id='word_1_340' title='bbox 987 4287 1242 4345; x_wconf 87' lang='lat' dir='ltr'><strong>instrumentorum</strong></span> <span class='ocrx_word' id='word_1_341' title='bbox 1263 4286 1422 4356; x_wconf 87' lang='lat' dir='ltr'><strong>rationem,</strong></span> <span class='ocrx_word' id='word_1_342' title='bbox 1447 4293 1476 4344; x_wconf 91' lang='grc'><strong>51</strong></span> <span class='ocrx_word' id='word_1_343' title='bbox 1497 4285 1594 4360; x_wconf 85' lang='lat' dir='ltr'><strong>addit,</strong></span> <span class='ocrx_word' id='word_1_344' title='bbox 1618 4286 1643 4345; x_wconf 92' lang='lat' dir='ltr'><strong>si</strong></span> <span class='ocrx_word' id='word_1_345' title='bbox 1666 4285 1832 4361; x_wconf 86' lang='lat' dir='ltr'><strong>parallarras</strong></span> <span class='ocrx_word' id='word_1_346' title='bbox 1855 4286 1978 4346; x_wconf 89' lang='lat' dir='ltr'><strong>fuissent</strong></span> <span class='ocrx_word' id='word_1_347' title='bbox 1998 4284 2046 4343; x_wconf 94' lang='lat' dir='ltr'><strong>lu-</strong></span> 
     </span>
     <span class='ocr_line' id='line_1_39' title="bbox 703 4371 2047 4451; baseline -0.002 -18"><span class='ocrx_word' id='word_1_348' title='bbox 703 4374 817 4434; x_wconf 77' lang='lat' dir='ltr'><strong>naribus</strong></span> <span class='ocrx_word' id='word_1_349' title='bbox 838 4372 989 4449; x_wconf 88' lang='lat' dir='ltr'><strong>aequales,</strong></span> <span class='ocrx_word' id='word_1_350' title='bbox 1013 4373 1177 4450; x_wconf 87' lang='lat' dir='ltr'><strong>quadruplo</strong></span> <span class='ocrx_word' id='word_1_351' title='bbox 1199 4371 1265 4450; x_wconf 88' lang='lat' dir='ltr'><strong>plus</strong></span> <span class='ocrx_word' id='word_1_352' title='bbox 1289 4388 1383 4447; x_wconf 89' lang='lat' dir='ltr'><strong>eoque</strong></span> <span class='ocrx_word' id='word_1_353' title='bbox 1406 4371 1532 4450; x_wconf 85' lang='lat' dir='ltr'><strong>amplius</strong></span> <span class='ocrx_word' id='word_1_354' title='bbox 1551 4393 1569 4433; x_wconf 91' lang='lat' dir='ltr'><strong>a</strong></span> <span class='ocrx_word' id='word_1_355' title='bbox 1585 4371 1785 4451; x_wconf 84' lang='lat' dir='ltr'><strong>parallaxibus</strong></span> <span class='ocrx_word' id='word_1_356' title='bbox 1807 4373 1934 4433; x_wconf 87' lang='lat' dir='ltr'><strong>futurum</strong></span> <span class='ocrx_word' id='word_1_357' title='bbox 1957 4371 2047 4430; x_wconf 88' lang='lat' dir='ltr'><strong>fuisse</strong></span> 
     </span>
     <span class='ocr_line' id='line_1_40' title="bbox 702 4458 880 4523; baseline -0.028 0"><span class='ocrx_word' id='word_1_358' title='bbox 702 4458 880 4523; x_wconf 75' lang='lat' dir='ltr'><strong>discriminis.</strong></span> 
     </span>
    </p>

    <p class='ocr_par' dir='ltr' id='par_1_12' title="bbox 702 4545 2048 4800">
     <span class='ocr_line' id='line_1_41' title="bbox 801 4545 2048 4624; baseline -0.003 -17"><span class='ocrx_word' id='word_1_359' title='bbox 801 4550 833 4609; x_wconf 74' lang='grc'><strong>1.</strong></span> <span class='ocrx_word' id='word_1_360' title='bbox 873 4546 1088 4607; x_wconf 78' lang='grc'><strong>(1155555555</strong></span> <span class='ocrx_word' id='word_1_361' title='bbox 1110 4561 1179 4622; x_wconf 91' lang='lat' dir='ltr'><strong>ergo</strong></span> <span class='ocrx_word' id='word_1_362' title='bbox 1203 4545 1332 4621; x_wconf 90' lang='lat' dir='ltr'><strong>(sibene</strong></span> <span class='ocrx_word' id='word_1_363' title='bbox 1348 4546 1465 4620; x_wconf 88' lang='lat' dir='ltr'><strong>ariolor,</strong></span> <span class='ocrx_word' id='word_1_364' title='bbox 1489 4547 1712 4608; x_wconf 85' lang='lat' dir='ltr'><strong>obscurissimae</strong></span> <span class='ocrx_word' id='word_1_365' title='bbox 1728 4548 1804 4606; x_wconf 90' lang='lat' dir='ltr'><strong>enim</strong></span> <span class='ocrx_word' id='word_1_366' title='bbox 1821 4546 1876 4624; x_wconf 90' lang='lat' dir='ltr'><strong>ast)</strong></span> <span class='ocrx_word' id='word_1_367' title='bbox 1900 4546 2048 4622; x_wconf 89' lang='lat' dir='ltr'><strong>componit</strong></span> 
     </span>
     <span class='ocr_line' id='line_1_42' title="bbox 702 4633 2047 4712; baseline -0.002 -18"><span class='ocrx_word' id='word_1_368' title='bbox 702 4634 893 4712; x_wconf 85' lang='lat' dir='ltr'><strong>quadruplam</strong></span> <span class='ocrx_word' id='word_1_369' title='bbox 923 4634 980 4695; x_wconf 89' lang='lat' dir='ltr'><strong>boc</strong></span> <span class='ocrx_word' id='word_1_370' title='bbox 1009 4651 1075 4694; x_wconf 91' lang='lat' dir='ltr'><strong>cum</strong></span> <span class='ocrx_word' id='word_1_371' title='bbox 1104 4633 1154 4693; x_wconf 90' lang='lat' dir='ltr'><strong>illo</strong></span> <span class='ocrx_word' id='word_1_372' title='bbox 1181 4633 1286 4710; x_wconf 91' lang='lat' dir='ltr'><strong>simplo</strong></span> <span class='ocrx_word' id='word_1_373' title='bbox 1315 4633 1510 4710; x_wconf 87' lang='lat' dir='ltr'><strong>affirmatque,</strong></span> <span class='ocrx_word' id='word_1_374' title='bbox 1542 4635 1609 4695; x_wconf 88' lang='lat' dir='ltr'><strong>binc</strong></span> <span class='ocrx_word' id='word_1_375' title='bbox 1638 4634 1736 4712; x_wconf 90' lang='lat' dir='ltr'><strong>colligi</strong></span> <span class='ocrx_word' id='word_1_376' title='bbox 1757 4633 1919 4711; x_wconf 84' lang='lat' dir='ltr'><strong>parallaxin</strong></span> <span class='ocrx_word' id='word_1_377' title='bbox 1943 4639 2047 4709; x_wconf 88' lang='lat' dir='ltr'><strong>quarta</strong></span> 
     </span>
     <span class='ocr_line' id='line_1_43' title="bbox 703 4721 1651 4800; baseline 0 -17"><span class='ocrx_word' id='word_1_378' title='bbox 703 4732 782 4800; x_wconf 86' lang='lat' dir='ltr'><strong>parte</strong></span> <span class='ocrx_word' id='word_1_379' title='bbox 805 4722 946 4799; x_wconf 83' lang='lat' dir='ltr'><strong>majorem</strong></span> <span class='ocrx_word' id='word_1_380' title='bbox 968 4721 1063 4781; x_wconf 90' lang='lat' dir='ltr'><strong>lunari</strong></span> <span class='ocrx_word' id='word_1_381' title='bbox 1086 4737 1180 4798; x_wconf 88' lang='lat' dir='ltr'><strong>eoque</strong></span> <span class='ocrx_word' id='word_1_382' title='bbox 1202 4728 1345 4781; x_wconf 89' lang='lat' dir='ltr'><strong>cometam</strong></span> <span class='ocrx_word' id='word_1_383' title='bbox 1368 4722 1423 4781; x_wconf 89' lang='lat' dir='ltr'><strong>sub</strong></span> <span class='ocrx_word' id='word_1_384' title='bbox 1445 4721 1531 4783; x_wconf 90' lang='lat' dir='ltr'><strong>Luna</strong></span> <span class='ocrx_word' id='word_1_385' title='bbox 1552 4723 1651 4783; x_wconf 80' lang='lat' dir='ltr'><strong>fuisse</strong></span> 
     </span>
    </p>

    <p class='ocr_par' dir='ltr' id='par_1_13' title="bbox 700 4807 2046 5327">
     <span class='ocr_line' id='line_1_44' title="bbox 802 4807 2046 4886; baseline -0.002 -18"><span class='ocrx_word' id='word_1_386' title='bbox 802 4811 831 4868; x_wconf 81' lang='lat'><strong>3.</strong></span> <span class='ocrx_word' id='word_1_387' title='bbox 871 4808 1051 4869; x_wconf 74' lang='lat' dir='ltr'><strong>(iurantem</strong></span> <span class='ocrx_word' id='word_1_388' title='bbox 1075 4807 1111 4868; x_wconf 87' lang='lat' dir='ltr'><strong>ad</strong></span> <span class='ocrx_word' id='word_1_389' title='bbox 1135 4809 1164 4867; x_wconf 91' lang='lat' dir='ltr'><strong>id</strong></span> <span class='ocrx_word' id='word_1_390' title='bbox 1187 4809 1330 4868; x_wconf 88' lang='lat' dir='ltr'><strong>stultitiae</strong></span> <span class='ocrx_word' id='word_1_391' title='bbox 1353 4811 1507 4884; x_wconf 89' lang='lat' dir='ltr'><strong>processit,</strong></span> <span class='ocrx_word' id='word_1_392' title='bbox 1538 4818 1570 4869; x_wconf 92' lang='grc'><strong>51</strong></span> <span class='ocrx_word' id='word_1_393' title='bbox 1592 4828 1628 4869; x_wconf 82' lang='lat' dir='ltr'><strong>ex</strong></span> <span class='ocrx_word' id='word_1_394' title='bbox 1650 4809 1766 4869; x_wconf 89' lang='lat' dir='ltr'><strong>fictione</strong></span> <span class='ocrx_word' id='word_1_395' title='bbox 1788 4807 1936 4886; x_wconf 80' lang='lat' dir='ltr'><strong>Tycbonis</strong></span> <span class='ocrx_word' id='word_1_396' title='bbox 1959 4815 1988 4868; x_wconf 87' lang='lat' dir='ltr'><strong>et</strong></span> <span class='ocrx_word' id='word_1_397' title='bbox 2010 4824 2046 4867; x_wconf 85' lang='lat' dir='ltr'><strong>ex</strong></span> 
     </span>
     <span class='ocr_line' id='line_1_45' title="bbox 701 4894 2046 4974; baseline -0.004 -16"><span class='ocrx_word' id='word_1_398' title='bbox 701 4897 904 4959; x_wconf 87' lang='lat' dir='ltr'><strong>observatione</strong></span> <span class='ocrx_word' id='word_1_399' title='bbox 935 4896 1066 4973; x_wconf 89' lang='lat' dir='ltr'><strong>ejusdem</strong></span> <span class='ocrx_word' id='word_1_400' title='bbox 1096 4899 1180 4974; x_wconf 88' lang='lat' dir='ltr'><strong>quaai</strong></span> <span class='ocrx_word' id='word_1_401' title='bbox 1210 4913 1309 4956; x_wconf 87' lang='lat' dir='ltr'><strong>varam</strong></span> <span class='ocrx_word' id='word_1_402' title='bbox 1330 4894 1493 4971; x_wconf 81' lang='lat' dir='ltr'><strong>parallaxin</strong></span> <span class='ocrx_word' id='word_1_403' title='bbox 1517 4896 1727 4972; x_wconf 81' lang='lat' dir='ltr'><strong>componeret?</strong></span> <span class='ocrx_word' id='word_1_404' title='bbox 1759 4894 1837 4971; x_wconf 88' lang='lat' dir='ltr'><strong>Quia</strong></span> <span class='ocrx_word' id='word_1_405' title='bbox 1858 4897 1991 4953; x_wconf 88' lang='lat' dir='ltr'><strong>nimirum</strong></span> <span class='ocrx_word' id='word_1_406' title='bbox 2014 4912 2046 4953; x_wconf 88' lang='lat' dir='ltr'><strong>ee</strong></span> 
     </span>
     <span class='ocr_line' id='line_1_46' title="bbox 700 4983 2044 5064; baseline -0.006 -17"><span class='ocrx_word' id='word_1_407' title='bbox 700 4989 760 5064; x_wconf 88' lang='lat' dir='ltr'><strong>ipsa</strong></span> <span class='ocrx_word' id='word_1_408' title='bbox 782 4984 901 5062; x_wconf 84' lang='lat' dir='ltr'><strong>decepit</strong></span> <span class='ocrx_word' id='word_1_409' title='bbox 923 4986 953 5043; x_wconf 90' lang='lat' dir='ltr'><strong>ln</strong></span> <span class='ocrx_word' id='word_1_410' title='bbox 976 4983 1104 5057; x_wconf 90' lang='lat' dir='ltr'><strong>calculo,</strong></span> <span class='ocrx_word' id='word_1_411' title='bbox 1133 4990 1213 5043; x_wconf 91' lang='lat' dir='ltr'><strong>ratus</strong></span> <span class='ocrx_word' id='word_1_412' title='bbox 1242 4999 1273 5042; x_wconf 93' lang='lat' dir='ltr'><strong>se</strong></span> <span class='ocrx_word' id='word_1_413' title='bbox 1304 4999 1340 5042; x_wconf 84' lang='lat' dir='ltr'><strong>ex</strong></span> <span class='ocrx_word' id='word_1_414' title='bbox 1362 4984 1508 5058; x_wconf 86' lang='lat' dir='ltr'><strong>positione</strong></span> <span class='ocrx_word' id='word_1_415' title='bbox 1530 4983 1714 5061; x_wconf 84' lang='lat' dir='ltr'><strong>parallaxeoa</strong></span> <span class='ocrx_word' id='word_1_416' title='bbox 1735 4984 1846 5043; x_wconf 90' lang='lat' dir='ltr'><strong>lunaris</strong></span> <span class='ocrx_word' id='word_1_417' title='bbox 1869 4989 2044 5058; x_wconf 87' lang='lat' dir='ltr'><strong>computare,</strong></span> 
     </span>
     <span class='ocr_line' id='line_1_47' title="bbox 700 5067 2045 5151; baseline -0.007 -18"><span class='ocrx_word' id='word_1_418' title='bbox 700 5073 775 5151; x_wconf 87' lang='lat' dir='ltr'><strong>qnod</strong></span> <span class='ocrx_word' id='word_1_419' title='bbox 799 5089 886 5133; x_wconf 86' lang='lat' dir='ltr'><strong>secus</strong></span> <span class='ocrx_word' id='word_1_420' title='bbox 909 5073 936 5132; x_wconf 90' lang='lat' dir='ltr'><strong>ei</strong></span> <span class='ocrx_word' id='word_1_421' title='bbox 959 5071 1078 5145; x_wconf 88' lang='lat' dir='ltr'><strong>accidit,</strong></span> <span class='ocrx_word' id='word_1_422' title='bbox 1106 5087 1200 5146; x_wconf 87' lang='lat' dir='ltr'><strong>eoqrre</strong></span> <span class='ocrx_word' id='word_1_423' title='bbox 1222 5089 1255 5130; x_wconf 88' lang='lat' dir='ltr'><strong>se</strong></span> <span class='ocrx_word' id='word_1_424' title='bbox 1277 5068 1447 5147; x_wconf 79' lang='lat' dir='ltr'><strong>Tyclronem</strong></span> <span class='ocrx_word' id='word_1_425' title='bbox 1477 5073 1506 5129; x_wconf 90' lang='lat' dir='ltr'><strong>in</strong></span> <span class='ocrx_word' id='word_1_426' title='bbox 1536 5071 1689 5131; x_wconf 87' lang='lat' dir='ltr'><strong>manifesta</strong></span> <span class='ocrx_word' id='word_1_427' title='bbox 1711 5068 1858 5149; x_wconf 75' lang='lat' dir='ltr'><strong>riloyurnp</strong></span> <span class='ocrx_word' id='word_1_428' title='bbox 1882 5067 2045 5145; x_wconf 90' lang='lat' dir='ltr'><strong>deprehen·</strong></span> 
     </span>
     <span class='ocr_line' id='line_1_48' title="bbox 702 5156 2044 5236; baseline -0.005 -17"><span class='ocrx_word' id='word_1_429' title='bbox 702 5159 786 5233; x_wconf 78' lang='lat' dir='ltr'><strong>duae,</strong></span> <span class='ocrx_word' id='word_1_430' title='bbox 810 5158 890 5236; x_wconf 89' lang='lat' dir='ltr'><strong>qaod</strong></span> <span class='ocrx_word' id='word_1_431' title='bbox 914 5161 970 5219; x_wconf 86' lang='lat' dir='ltr'><strong>etei</strong></span> <span class='ocrx_word' id='word_1_432' title='bbox 991 5159 1105 5231; x_wconf 81' lang='lat' dir='ltr'><strong>fnisset,</strong></span> <span class='ocrx_word' id='word_1_433' title='bbox 1130 5160 1185 5217; x_wconf 83' lang='grc'><strong>5151</strong></span> <span class='ocrx_word' id='word_1_434' title='bbox 1206 5156 1309 5235; x_wconf 84' lang='lat' dir='ltr'><strong>Tycbo</strong></span> <span class='ocrx_word' id='word_1_435' title='bbox 1328 5157 1474 5232; x_wconf 86' lang='lat' dir='ltr'><strong>jacturam</strong></span> <span class='ocrx_word' id='word_1_436' title='bbox 1497 5159 1572 5219; x_wconf 90' lang='lat' dir='ltr'><strong>banc</strong></span> <span class='ocrx_word' id='word_1_437' title='bbox 1589 5159 1619 5216; x_wconf 88' lang='grc'><strong>15</strong></span> <span class='ocrx_word' id='word_1_438' title='bbox 1642 5156 1811 5218; x_wconf 88' lang='lat' dir='ltr'><strong>calculando</strong></span> <span class='ocrx_word' id='word_1_439' title='bbox 1834 5158 1962 5228; x_wconf 90' lang='lat' dir='ltr'><strong>fecisset,</strong></span> <span class='ocrx_word' id='word_1_440' title='bbox 1986 5172 2044 5213; x_wconf 88' lang='lat' dir='ltr'><strong>non</strong></span> 
     </span>
     <span class='ocr_line' id='line_1_49' title="bbox 701 5244 2045 5327; baseline -0.006 -17"><span class='ocrx_word' id='word_1_441' title='bbox 701 5251 791 5327; x_wconf 75' lang='lat' dir='ltr'><strong>mgis</strong></span> <span class='ocrx_word' id='word_1_442' title='bbox 814 5247 997 5323; x_wconf 75' lang='grc'><strong>15555155</strong></span> <span class='ocrx_word' id='word_1_443' title='bbox 1019 5263 1097 5307; x_wconf 92' lang='lat' dir='ltr'><strong>error</strong></span> <span class='ocrx_word' id='word_1_444' title='bbox 1119 5245 1283 5323; x_wconf 81' lang='lat' dir='ltr'><strong>Tyobonia,</strong></span> <span class='ocrx_word' id='word_1_445' title='bbox 1308 5262 1397 5321; x_wconf 87' lang='lat' dir='ltr'><strong>quarn</strong></span> <span class='ocrx_word' id='word_1_446' title='bbox 1418 5249 1499 5322; x_wconf 89' lang='lat' dir='ltr'><strong>prins</strong></span> <span class='ocrx_word' id='word_1_447' title='bbox 1521 5246 1599 5307; x_wconf 88' lang='lat' dir='ltr'><strong>fictio</strong></span> <span class='ocrx_word' id='word_1_448' title='bbox 1621 5244 1752 5321; x_wconf 78' lang='lat' dir='ltr'><strong>eiusdem</strong></span> <span class='ocrx_word' id='word_1_449' title='bbox 1774 5244 1970 5304; x_wconf 81' lang='lat' dir='ltr'><strong>Claramontio</strong></span> <span class='ocrx_word' id='word_1_450' title='bbox 1992 5259 2045 5303; x_wconf 88' lang='lat' dir='ltr'><strong>ae·</strong></span> 
     </span>
    </p>
   </div>
   <div class='ocr_carea' id='block_1_5' title="bbox 0 0 2792 6342">
    <p class='ocr_par' dir='ltr' id='par_1_14' title="bbox 0 0 2792 6342">
     <span class='ocr_line' id='line_1_50' title="bbox 0 0 2792 6342; baseline 0 0"><span class='ocrx_word' id='word_1_451' title='bbox 0 0 2792 6342; x_wconf 95' lang='lat' dir='ltr'><strong> </strong></span> 
     </span>
    </p>
   </div>
  </div>
 </body>
</html>
