5575 6342
984 770 1046 825 Lib.
1064 769 1113 825 ill.
1148 769 1190 824 De
1208 770 1452 840 significationibus
1470 778 1647 828 cometarum.
1933 772 1994 839 121

635 958 663 1011 et
698 967 773 1011 voce
804 958 834 1011 et
862 967 960 1011 seusu.
1006 950 1110 1010 Palam
1141 947 1259 1026 quidem
1282 950 1390 1010 Neroni
1419 951 1547 1012 faustum
1578 954 1783 1029 interpretatus
1811 957 1856 1010 est
1885 958 1995 1013 esuum

634 1040 759 1115 ejusque
782 1039 948 1115 significata
970 1036 1205 1098 accommodavit
1228 1030 1471 1115 addpparentem
1494 1038 1609 1100 illorurn
1632 1030 1794 1115 temporum
1816 1039 1995 1117 felicitatem,

634 1144 711 1202 quae
728 1134 874 1187 cometam
896 1128 1027 1203 proxime
1043 1126 1249 1201 sequebantur,
1274 1128 1352 1185 intus
1371 1144 1441 1186 vero
1465 1134 1493 1187 et
1516 1129 1545 1184 in
1569 1126 1655 1187 eorde
1669 1127 1777 1186 Neroni
1801 1127 1995 1188 comminatus

635 1221 679 1273 est
702 1216 852 1274 interitum
880 1214 981 1289 reique
1003 1213 1138 1292 publicae
1160 1213 1339 1286 libertatem,
1376 1214 1455 1290 quod
1479 1221 1509 1274 et
1531 1218 1623 1292 ipsius
1646 1214 1682 1276 de
1706 1217 1826 1274 cometis
1850 1218 2012 1294 sententia¹

634 1310 662 1360 et
689 1318 820 1377 sequeus
850 1308 972 1362 eventus
1004 1308 1139 1376 arguunt.
1186 1301 1276 1377 Atqui
1299 1319 1395 1378 neque
1419 1310 1534 1362 cometa
1555 1305 1680 1362 nuncius
1704 1309 1768 1362 erat
1790 1302 1871 1377 ejus,
1906 1321 1994 1379 quam

634 1389 749 1449 Seneca
772 1390 926 1461 iunuebat,
950 1386 1101 1449 felicitatis
1124 1395 1300 1465 temporum,
1332 1407 1428 1465 neque
1450 1390 1528 1450 Nero
1551 1399 1621 1449 tune
1644 1391 1760 1449 interiit.
1805 1389 1882 1448 Nam
1904 1391 1993 1465 paulo

635 1486 702 1553 post
731 1484 837 1537 secuta
864 1483 909 1536 eet
937 1478 1103 1535 tristissima
1125 1480 1227 1535 'rerum
1249 1477 1356 1549 facies,
1388 1495 1470 1550 cum,
1506 1480 1721 1555 conspiratione
1744 1477 1993 1539 nobilissimorum

635 1564 835 1623 Romanorum
858 1563 986 1636 detecta,
1010 1563 1088 1623 Nero
1111 1572 1276 1639 superstes,
1307 1565 1402 1623 vietor
1424 1576 1454 1624 et
1477 1565 1585 1625 vindex
1607 1567 1806 1625 atrocissimus
1829 1563 1993 1627 Romanam

635 1653 735 1711 urbem
752 1654 879 1724 civibus,
902 1653 1011 1710 curiam
1027 1652 1210 1711 senatoribus
1226 1651 1369 1723 exhausit,
1393 1670 1468 1728 quos
1484 1655 1558 1713 inter
1581 1656 1644 1729 ipse
1660 1669 1778 1728 quoque
1800 1652 1855 1709 fnit
1870 1651 1992 1729 Seneca,

633 1739 809 1815 proditionis
823 1738 925 1816 procul
942 1737 1031 1798 dnbio
1052 1741 1194 1798 conscius.
1233 1737 1337 1814 ltaque
1353 1737 1483 1799 Senecae
1506 1751 1726 1817 ceterorumque
1742 1738 1992 1801 admonendorum

633 1845 739 1897 caum,
777 1836 809 1886 ut
832 1846 852 1885 a
880 1827 1096 1902 conspiratione
1118 1825 1306 1900 desisterent,
1339 1834 1455 1887 cometa
1476 1827 1605 1891 fulserat.
1652 1828 1827 1903 Quanquam
1851 1844 1916 1886 cum
1942 1828 1992 1890 ille

635 1914 790 1974 diuturnus
813 1922 928 1975 cometa
950 1931 1001 1973 sex
1024 1915 1166 1979 mensium
1189 1913 1341 1973 incidisset
1363 1916 1392 1971 in
1416 1933 1524 1975 annum
1542 1916 1649 1975 Christi
1673 1915 1824 1991 vulgarem
1850 1915 1900 1989 60,
1925 1926 1993 1992 post

632 2012 759 2077 quatuor
783 2019 893 2075 annos,
914 2002 1005 2078 paulo
1027 2010 1096 2062 ante
1119 2018 1220 2060 necem
1244 2001 1387 2074 Senecae,
1412 2003 1488 2061 alins
1510 2005 1649 2078 accessit3
1673 2010 1703 2062 et
1724 2002 1837 2061 l'linins
1861 2018 1992 2064 comme·

635 2098 728 2150 morat
750 2089 836 2149 aidus
857 2097 990 2150 cometae
1013 2089 1144 2149 Neronia
1165 2091 1374 2165 principatum
1398 2091 1555 2150 assiduum
1576 2110 1671 2167 prope
1693 2098 1721 2150 et
1742 2108 1877 2149 saeuum.

737 2176 789 2237 Sic
812 2195 878 2237 eum
899 2193 977 2236 uano
1000 2176 1108 2236 Christi
1134 2176 1226 2238 1556.
1250 2195 1269 2235 a
1292 2178 1342 2235 20.
1369 2177 1452 2236 Febr.
1484 2180 1513 2236 in
1540 2180 1588 2237 15.
1614 2180 1683 2254 Apr.
1714 2185 1830 2238 cometa
1851 2177 1991 2251 fulsisset,

633 2266 681 2339 qui
713 2282 817 2324 cursus
840 2266 923 2323 initio
946 2281 982 2323 ex
1006 2264 1095 2323 Libra
1117 2270 1221 2341 capto,
1254 2262 1436 2341 interpolas
1459 2264 1612 2342 ecliptieae
1635 2275 1664 2325 et
1686 2266 1854 2338 aeneatoris
1877 2265 1992 2325 medina

633 2353 771 2410 transivit
793 2350 970 2427 tandemque
984 2353 1013 2409 in
1037 2353 1181 2411 contrario
1198 2351 1307 2411 Arietis
1327 2354 1411 2428 signo
1429 2370 1518 2429 prope
1542 2354 1705 2430 eclipticam
1721 2352 1873 2426 disparuit,
1897 2353 1992 2413 cunda

634 2438 781 2513 similiter,
810 2448 844 2499 ut
866 2438 997 2499 moderni
1019 2446 1165 2510 cometae,
1189 2441 1332 2510 micante,
1367 2438 1490 2498 Carolus
1514 2440 1639 2514 Quintus
1662 2440 1748 2500 Rom.
1771 2436 1845 2516 Imp.
1870 2442 1915 2498 sui
1938 2441 1990 2500 fati

634 2529 772 2586 nuncium
796 2529 1002 2603 interpretatus
1025 2535 1085 2601 est3
1118 2528 1225 2585 erravit
1249 2543 1317 2585 vere
1341 2529 1419 2586 circa
1441 2545 1613 2604 personam,
1645 2529 1807 2604 supervixit
1832 2529 1907 2586 enirn
1932 2528 1993 2602 diu,

635 2633 685 2675 uec
704 2617 823 2674 occasio
846 2615 995 2674 turbarum
1011 2615 1066 2673 fuit
1089 2631 1165 2673 mors
1181 2612 1288 2679 Caroli,
1312 2616 1470 2689 provinciis
1485 2615 1572 2692 longe
1595 2624 1664 2675 aute
1686 2615 1867 2687 constitutis,
1892 2617 1993 2691 itaque

636 2720 689 2761 nou
722 2712 769 2763 est
800 2709 932 2763 cometae
960 2701 1221 2777 significationibus
1250 2701 1443 2761 adscribenda
1466 2721 1544 2762 mors
1567 2705 1641 2779 ejus.
1688 2702 1757 2761 Alia
1779 2718 1849 2761 vero
1872 2706 1992 2778 negotia

636 2790 700 2850 hine
731 2789 851 2849 fuerunt
881 2791 1012 2866 incepta,
1049 2807 1125 2864 quaa
1156 2791 1263 2848 rectius
1294 2799 1425 2849 cometae
1456 2789 1498 2848 illi
1527 2810 1546 2849 a
1574 2791 1694 2864 teliqnis
1725 2791 1835 2848 tributa
1865 2790 1989 2865 fuerunt,

638 2876 782 2953 quaedam
796 2880 905 2949 statim,
922 2877 1066 2954 quaedam
1080 2877 1241 2936 seminibus
1258 2879 1285 2933 in
1302 2876 1494 2953 longinquum
1507 2878 1606 2953 jactis.
1634 2879 1718 2938 Tunc
1734 2879 1810 2936 euim
1826 2872 1990 2954 Philippus,

638 2984 681 3025 rer
697 2965 921 3042 Hispaniarum,
942 2963 1077 3039 Angliae,
1094 2963 1199 3036 Belgii,
1222 2963 1330 3022 bellurn
1346 2965 1464 3040 paravit
1478 2969 1506 3023 in
1521 2983 1620 3041 regem
1638 2966 1753 3026 Galliae
1769 2972 1990 3041 pugnatumque

638 3062 676 3111 est
702 3070 784 3113 auno
813 3054 948 3128 sequenti
974 3052 1054 3111 1557
1079 3052 1261 3110 memorabili
1290 3053 1367 3127 regis
1390 3052 1520 3129 Philippi
1544 3057 1667 3113 victoria
1691 3053 1728 3113 ad
1752 3052 1782 3112 S.
1808 3052 1989 3126 Quintinnm.

641 3141 668 3198 ln
690 3140 820 3199 Livenia
851 3157 1033 3199 successores
1062 3141 1194 3216 magistri
1224 3142 1362 3199 teutonici
1392 3138 1596 3201 dissentientes
1619 3141 1816 3213 Moscovitas,
1851 3139 1989 3215 Polonos,

640 3226 743 3288 Succos
776 3223 940 3288 et'Danos
968 3228 998 3285 in
1027 3230 1209 3303 provinciam
1239 3234 1435 3298 attraxerunt,
1468 3247 1503 3287 ex
1535 3246 1594 3304 qua
1623 3247 1652 3289 re
1683 3228 1930 3287 luctuosissimum
1961 3238 1990 3288 et

642 3314 802 3374 diutnmum
826 3313 937 3374 bellum
953 3323 1095 3388 exortum,
1120 3331 1179 3387 quo
1195 3314 1321 3372 Livonia
1344 3316 1465 3392 imperio
1482 3324 1590 3393 erepta,
1613 3315 1749 3376 libertate
1763 3316 1879 3390 privata
1902 3318 1990 3393 inque

642 3410 729 3477 partes
746 3423 765 3461 a
780 3402 921 3476 Moschis,
937 3402 1058 3462 Polonis
1075 3409 1105 3460 et
1119 3401 1221 3462 Suecis
1238 3402 1392 3478 discerpta.
1430 3402 1538 3477 Tertio,
1555 3420 1621 3464 cum
1636 3404 1747 3479 Belgae
1764 3403 1991 3463 contribuisseut

645 3492 666 3547 iu
687 3490 799 3550 bellum
816 3488 973 3562 Gallicum,
996 3490 1158 3566 praefectos
1174 3491 1286 3548 aerario
1309 3508 1381 3550 suae
1404 3493 1499 3566 gentis
1519 3492 1652 3552 hemines
1675 3492 1824 3563 dederuut,
1848 3495 1989 3550 recusatis

645 3577 794 3654 Hispanis,
826 3595 886 3653 qua
909 3596 939 3638 re
962 3578 1081 3637 oflensis
1103 3576 1244 3652 Hispanis
1266 3586 1369 3637 mutua
1391 3581 1542 3638 nationum
1566 3577 1635 3638 odia
1657 3586 1836 3639 exarserunt.
1883 3578 1988 3655 Itaque

588 3638 591 3713 l
646 3666 765 3724 nonnulli
795 3665 998 3725 historieomm
1027 3683 1132 3724 causas
1163 3663 1230 3724 belli
1254 3664 1384 3741 Belgiei,
1417 3666 1498 3741 quod
1519 3666 1635 3743 aliquot
1656 3677 1723 3743 post
1746 3667 1830 3727 annis
1853 3676 1989 3743 coeptum

588 3728 594 3815 l
648 3752 699 3826 fnit,
721 3771 758 3813 ex
780 3752 838 3812 lroc
859 3770 937 3811 anno
960 3751 1156 3812 verisimiliter
1177 3760 1321 3828 repetunt.

588 3804 590 3901 l
738 3839 872 3900 Eundem
888 3839 925 3899 ad
949 3840 1067 3899 modum
1084 3838 1120 3898 de
1135 3839 1192 3899 hoc
1208 3841 1296 3899 etiam
1320 3846 1435 3899 cometa
1450 3839 1647 3916 cogitandum,
1671 3842 1735 3913 etsi,
1760 3841 1810 3916 qui
1825 3839 1989 3916 significata

588 3916 590 3979 l
650 3928 701 3999 rins
730 3926 768 3987 ad
798 3945 940 4004 personas
966 3937 995 3988 et
1023 3926 1090 3987 loca
1119 3936 1197 3986 certa
1227 3926 1390 3999 deducunt,
1423 3928 1595 3988 creberrime
1618 3930 1739 3988 erraturi
1761 3935 1843 4001 snut;
1878 3944 1989 4004 paucos

588 4020 589 4067 ζ
651 4024 732 4075 umen
748 4015 876 4091 aliquos,
900 4015 970 4090 quid
986 4018 1011 4074 is
1032 4015 1089 4075 sibi
1112 4014 1192 4086 velit,
1217 4018 1333 4073 omuino
1349 4017 1536 4090 praecisures
1552 4012 1616 4093 (¹¹²).
1655 4015 1757 4090 Neque
1773 4017 1849 4075 enim
1873 4017 1989 4075 aberrat

588 4104 589 4195 g
652 4105 786 4179 proposito
803 4104 893 4175 Dens,
916 4102 969 4162 sed
992 4104 1109 4162 omuino
1132 4101 1210 4161 illins
1234 4120 1284 4161 eor
1305 4105 1409 4177 tangit,
1433 4120 1520 4177 quem
1542 4104 1598 4163 sibi
1620 4102 1796 4162 monendum
1820 4103 1987 4174 destinavit,

588 4218 590 4263 q
652 4190 700 4248 sire
720 4197 824 4268 pareat
846 4189 912 4264 ills,
943 4192 1006 4251 sive
1031 4196 1206 4249 contemnat.
1251 4190 1305 4247 Vis
1329 4191 1486 4265 inquirere,
1510 4190 1650 4267 quidnam
1672 4193 1701 4248 in
1725 4193 1823 4266 speeie
1846 4190 1989 4266 significet

588 4268 590 4367 j
651 4279 770 4339 cometa?
798 4280 987 4355 circumspice
1010 4278 1129 4349 negotia
1150 4276 1428 4354 rerumpublicarum
1453 4297 1487 4336 ex
1511 4297 1546 4338 eo
1569 4281 1684 4356 inceptu
1707 4278 1756 4338 vel
1779 4280 1906 4353 agitata,
1929 4296 1988 4353 qno

588 4378 589 4445 l
651 4373 747 4426 cometa
763 4365 869 4425 illunis
909 4366 1028 4424 Frustra
1038 4364 1090 4424 illa
1104 4363 1182 4440 apud
1199 4382 1292 4424 meam
1310 4367 1518 4425 conscientiam
1533 4369 1666 4442 inquiris,
1683 4368 1769 4424 nnius
1785 4361 1987 4444 lronrinis(¹²³);

588 4468 589 4479 ¹
651 4451 687 4509 adi
708 4455 804 4513 curias
826 4452 1021 4529 Hispanieas,
1045 4451 1192 4523 Gallicas,
1216 4451 1419 4527 Germanicas,
1444 4453 1572 4525 Italicas,
1597 4455 1762 4525 Polonieas,
1787 4453 1934 4524 Tercicas,
1960 4460 1989 4511 et

588 4542 589 4547 ’
649 4540 665 4594 ri
677 4558 748 4616 quae
773 4547 842 4599 suut
856 4539 933 4600 aliae
947 4540 1098 4599 hominnm
1113 4540 1293 4615 frequentiae
1310 4558 1434 4618 magnae
1450 4536 1519 4621 (¹⁴).
1558 4543 1601 4600 Ex
1617 4541 1697 4600 hisce
1721 4543 1829 4617 qnippe
1851 4542 1986 4616 rrcgotiis,

647 4643 691 4686 ron
722 4628 842 4707 quidem
871 4628 1026 4702 omnibus,
1058 4644 1117 4686 uno
1146 4636 1243 4687 tamen
1272 4636 1360 4705 utque
1383 4627 1476 4687 altero
1499 4628 1584 4689 erede
1607 4632 1746 4688 oriturum
1769 4627 1934 4687 incendium
1959 4635 1987 4686 et

644 4717 789 4788 pernicicm
804 4718 896 4794 partis
919 4714 1046 4791 alicujus
1062 4715 1221 4788 hominnm,
1246 4716 1366 4776 alterins
1383 4733 1453 4775 vero
1475 4717 1625 4792 gaudium,
1649 4725 1682 4774 nt
1699 4715 1774 4775 solet
1796 4715 1875 4789 fieri3
1898 4714 1987 4790 idque

645 4810 712 4864 unta
741 4803 853 4863 fiducia
873 4804 1051 4880 pronuncio,
1086 4809 1196 4879 quanta
1219 4811 1263 4862 est
1286 4803 1478 4879 allegatorum
1502 4813 1653 4864 anctorum
1676 4806 1705 4861 in
1728 4802 1881 4861 hisrebus
1905 4800 1986 4861 fides.

643 4889 665 4948 Si
686 4909 772 4952 nemo
789 4899 951 4969 praetcrea,
975 4889 1022 4949 hie
1045 4898 1120 4951 certe
1136 4891 1300 4951 incendium
1319 4893 1381 4967 jarn
1397 4893 1495 4963 sentit,
1519 4892 1602 4967 eujus
1625 4894 1653 4949 in
1678 4890 1765 4950 domo
1786 4888 1856 4946 illnd
1881 4891 1987 4961 oritnr;

641 4979 708 5052 quod
739 4996 806 5039 eum
839 4982 901 5056 ipse
930 4978 1061 5054 negligat
1090 4986 1247 5054 actumque
1277 4982 1314 5037 ait
1345 4979 1381 5039 de
1412 4979 1476 5052 ejus
1499 4977 1599 5051 dorne,
1631 4986 1730 5038 monet
1752 4984 1848 5035 tumen
1873 4986 1987 5035 cometa

641 5070 812 5127 vicinitatem
843 5062 908 5141 (¹⁵i.
956 5063 1074 5125 Utinam
1109 5065 1241 5141 quidem,
1276 5084 1363 5141 qnam
1398 5083 1455 5125 non
1488 5083 1605 5142 possum
1639 5084 1695 5139 ego
1726 5073 1835 5123 certam
1867 5063 1986 5122 ‹lefmire

640 5172 786 5228 personam
808 5153 856 5214 vel
872 5154 979 5226 locum,
1003 5160 1063 5212 tam
1081 5155 1138 5211 ista
1161 5156 1188 5210 in
1206 5155 1373 5213 universum
1399 5170 1474 5211 vana
1497 5153 1631 5225 dicerem,
1655 5151 1820 5227 singulique
1843 5149 1986 5209 admoniti

640 5239 804 5305 desisterent
834 5240 1007 5320 periculosis
1037 5243 1255 5318 temerariisqne
1285 5244 1426 5319 inceptis,
1460 5257 1535 5316 qnae
1563 5240 1659 5301 famae
1686 5237 1791 5313 cnpido
1815 5222 2007 5315 plerumqne⁶
