<?xml version="1.0" encoding="UTF-8"?>
<!DOCTYPE html PUBLIC "-//W3C//DTD XHTML 1.0 Transitional//EN"
    "http://www.w3.org/TR/xhtml1/DTD/xhtml1-transitional.dtd">
<html xmlns="http://www.w3.org/1999/xhtml" xml:lang="en" lang="en">
 <head>
  <title>
</title>
<meta http-equiv="Content-Type" content="text/html;charset=utf-8" />
  <meta name='ocr-system' content='tesseract 3.04.00' />
  <meta name='ocr-capabilities' content='ocr_page ocr_carea ocr_par ocr_line ocrx_word'/>
</head>
<body>
  <div class='ocr_page' id='page_1' title='image "./joanniskepleria16frisgoog/joanniskepleria16frisgoog_0227.png"; bbox 0 0 5575 6342; ppageno 0'>
   <div class='ocr_carea' id='block_1_1' title="bbox 713 796 1583 867">
    <p class='ocr_par' dir='ltr' id='par_1_1' title="bbox 713 796 1583 867">
     <span class='ocr_line' id='line_1_1' title="bbox 713 796 1583 867; baseline 0.002 -16"><span class='ocrx_word' id='word_1_1' title='bbox 713 798 779 866; x_wconf 75' lang='lat'><strong>212</strong></span> <span class='ocrx_word' id='word_1_2' title='bbox 1217 796 1353 865; x_wconf 76' lang='lat' dir='ltr'><strong>l&#39;yclrords</strong></span> <span class='ocrx_word' id='word_1_3' title='bbox 1372 796 1583 867; x_wconf 81' lang='lat' dir='ltr'><strong>Hyperaapiatea</strong></span> 
     </span>
    </p>
   </div>
   <div class='ocr_carea' id='block_1_2' title="bbox 712 972 2070 3326">
    <p class='ocr_par' dir='ltr' id='par_1_2' title="bbox 712 972 2070 1665">
     <span class='ocr_line' id='line_1_2' title="bbox 714 972 2069 1053; baseline -0.001 -18"><span class='ocrx_word' id='word_1_4' title='bbox 714 976 801 1049; x_wconf 91' lang='lat' dir='ltr'><strong>dicit,</strong></span> <span class='ocrx_word' id='word_1_5' title='bbox 832 973 879 1035; x_wconf 89' lang='lat' dir='ltr'><strong>rel</strong></span> <span class='ocrx_word' id='word_1_6' title='bbox 901 976 999 1053; x_wconf 89' lang='lat' dir='ltr'><strong>potius</strong></span> <span class='ocrx_word' id='word_1_7' title='bbox 1021 972 1186 1053; x_wconf 90' lang='lat' dir='ltr'><strong>pollicetur,</strong></span> <span class='ocrx_word' id='word_1_8' title='bbox 1219 993 1251 1034; x_wconf 90' lang='lat' dir='ltr'><strong>se</strong></span> <span class='ocrx_word' id='word_1_9' title='bbox 1272 984 1336 1034; x_wconf 91' lang='lat' dir='ltr'><strong>toto</strong></span> <span class='ocrx_word' id='word_1_10' title='bbox 1360 993 1466 1053; x_wconf 82' lang='lat' dir='ltr'><strong>opere,</strong></span> <span class='ocrx_word' id='word_1_11' title='bbox 1498 982 1570 1053; x_wconf 87' lang='lat' dir='ltr'><strong>puta</strong></span> <span class='ocrx_word' id='word_1_12' title='bbox 1591 991 1649 1033; x_wconf 94' lang='lat' dir='ltr'><strong>non</strong></span> <span class='ocrx_word' id='word_1_13' title='bbox 1679 976 1773 1052; x_wconf 89' lang='lat' dir='ltr'><strong>primo</strong></span> <span class='ocrx_word' id='word_1_14' title='bbox 1796 980 1912 1035; x_wconf 79' lang='lat' dir='ltr'><strong>nutum</strong></span> <span class='ocrx_word' id='word_1_15' title='bbox 1935 982 2016 1034; x_wconf 88' lang='lat' dir='ltr'><strong>tomo</strong></span> <span class='ocrx_word' id='word_1_16' title='bbox 2036 973 2069 1033; x_wconf 88' lang='lat' dir='ltr'><strong>de</strong></span> 
     </span>
     <span class='ocr_line' id='line_1_3' title="bbox 714 1061 2068 1138; baseline -0.003 -15"><span class='ocrx_word' id='word_1_17' title='bbox 714 1062 808 1123; x_wconf 87' lang='lat' dir='ltr'><strong>Stella</strong></span> <span class='ocrx_word' id='word_1_18' title='bbox 830 1062 917 1122; x_wconf 83' lang='lat' dir='ltr'><strong>Nora</strong></span> <span class='ocrx_word' id='word_1_19' title='bbox 941 1076 970 1122; x_wconf 87' lang='lat' dir='ltr'><strong>er</strong></span> <span class='ocrx_word' id='word_1_20' title='bbox 993 1062 1121 1123; x_wconf 88' lang='lat' dir='ltr'><strong>seeundo</strong></span> <span class='ocrx_word' id='word_1_21' title='bbox 1145 1063 1180 1121; x_wconf 92' lang='lat' dir='ltr'><strong>de</strong></span> <span class='ocrx_word' id='word_1_22' title='bbox 1204 1072 1319 1122; x_wconf 89' lang='lat' dir='ltr'><strong>cometa</strong></span> <span class='ocrx_word' id='word_1_23' title='bbox 1341 1079 1417 1135; x_wconf 89' lang='lat' dir='ltr'><strong>uno,</strong></span> <span class='ocrx_word' id='word_1_24' title='bbox 1441 1061 1493 1122; x_wconf 87' lang='lat' dir='ltr'><strong>sed</strong></span> <span class='ocrx_word' id='word_1_25' title='bbox 1517 1065 1605 1122; x_wconf 89' lang='lat' dir='ltr'><strong>etiam</strong></span> <span class='ocrx_word' id='word_1_26' title='bbox 1629 1065 1714 1121; x_wconf 90' lang='lat' dir='ltr'><strong>tertio</strong></span> <span class='ocrx_word' id='word_1_27' title='bbox 1732 1061 1768 1122; x_wconf 91' lang='lat' dir='ltr'><strong>de</strong></span> <span class='ocrx_word' id='word_1_28' title='bbox 1790 1063 1915 1123; x_wconf 79' lang='lat' dir='ltr'><strong>comeda</strong></span> <span class='ocrx_word' id='word_1_29' title='bbox 1944 1061 2068 1138; x_wconf 86' lang='lat' dir='ltr'><strong>reliquia,</strong></span> 
     </span>
     <span class='ocr_line' id='line_1_4' title="bbox 715 1148 2070 1227; baseline 0 -18"><span class='ocrx_word' id='word_1_30' title='bbox 715 1149 859 1227; x_wconf 81' lang='lat' dir='ltr'><strong>siqnidem</strong></span> <span class='ocrx_word' id='word_1_31' title='bbox 882 1168 948 1210; x_wconf 91' lang='lat' dir='ltr'><strong>eum</strong></span> <span class='ocrx_word' id='word_1_32' title='bbox 971 1168 1089 1226; x_wconf 86' lang='lat' dir='ltr'><strong>quoque</strong></span> <span class='ocrx_word' id='word_1_33' title='bbox 1112 1150 1225 1223; x_wconf 81' lang='lat' dir='ltr'>ederet,</span> <span class='ocrx_word' id='word_1_34' title='bbox 1256 1151 1358 1210; x_wconf 89' lang='lat' dir='ltr'><strong>eadem</strong></span> <span class='ocrx_word' id='word_1_35' title='bbox 1382 1150 1580 1209; x_wconf 85' lang='lat' dir='ltr'><strong>demonstrare</strong></span> <span class='ocrx_word' id='word_1_36' title='bbox 1603 1148 1853 1226; x_wconf 69' lang='lat' dir='ltr'><strong>irrefragabiliter.</strong></span> <span class='ocrx_word' id='word_1_37' title='bbox 1897 1148 1999 1225; x_wconf 83' lang='lat' dir='ltr'><strong>Hujus</strong></span> <span class='ocrx_word' id='word_1_38' title='bbox 2021 1164 2070 1209; x_wconf 88' lang='lat' dir='ltr'><strong>oc-</strong></span> 
     </span>
     <span class='ocr_line' id='line_1_5' title="bbox 715 1237 2070 1315; baseline -0.001 -16"><span class='ocrx_word' id='word_1_39' title='bbox 715 1242 834 1299; x_wconf 82' lang='lat' dir='ltr'><strong>casione</strong></span> <span class='ocrx_word' id='word_1_40' title='bbox 862 1239 1038 1298; x_wconf 81' lang='lat' dir='ltr'><strong>inductionis</strong></span> <span class='ocrx_word' id='word_1_41' title='bbox 1062 1237 1098 1296; x_wconf 90' lang='lat' dir='ltr'><strong>de</strong></span> <span class='ocrx_word' id='word_1_42' title='bbox 1121 1238 1254 1315; x_wconf 89' lang='lat' dir='ltr'><strong>pluribus</strong></span> <span class='ocrx_word' id='word_1_43' title='bbox 1275 1255 1348 1297; x_wconf 85' lang='lat' dir='ltr'><strong>suae</strong></span> <span class='ocrx_word' id='word_1_44' title='bbox 1372 1240 1478 1298; x_wconf 84' lang='lat' dir='ltr'><strong>aetatis</strong></span> <span class='ocrx_word' id='word_1_45' title='bbox 1502 1238 1625 1312; x_wconf 88' lang='lat' dir='ltr'><strong>indicat,</strong></span> <span class='ocrx_word' id='word_1_46' title='bbox 1656 1255 1687 1297; x_wconf 88' lang='lat' dir='ltr'><strong>se</strong></span> <span class='ocrx_word' id='word_1_47' title='bbox 1709 1237 1785 1297; x_wconf 89' lang='lat' dir='ltr'><strong>banc</strong></span> <span class='ocrx_word' id='word_1_48' title='bbox 1808 1240 1984 1315; x_wconf 86' lang='lat' dir='ltr'><strong>eoueepiaae</strong></span> <span class='ocrx_word' id='word_1_49' title='bbox 2006 1254 2070 1297; x_wconf 86' lang='lat' dir='ltr'><strong>aen·</strong></span> 
     </span>
     <span class='ocr_line' id='line_1_6' title="bbox 715 1323 2070 1401; baseline -0.001 -17"><span class='ocrx_word' id='word_1_50' title='bbox 715 1330 849 1387; x_wconf 88' lang='lat' dir='ltr'><strong>tentiam.</strong></span> <span class='ocrx_word' id='word_1_51' title='bbox 873 1326 970 1385; x_wconf 89' lang='lat' dir='ltr'><strong>nullos</strong></span> <span class='ocrx_word' id='word_1_52' title='bbox 993 1342 1122 1401; x_wconf 77' lang='lat' dir='ltr'><strong>nmquam</strong></span> <span class='ocrx_word' id='word_1_53' title='bbox 1145 1333 1275 1385; x_wconf 88' lang='lat' dir='ltr'><strong>cometas</strong></span> <span class='ocrx_word' id='word_1_54' title='bbox 1297 1327 1355 1384; x_wconf 90' lang='lat' dir='ltr'><strong>sub</strong></span> <span class='ocrx_word' id='word_1_55' title='bbox 1370 1325 1484 1384; x_wconf 86' lang='lat' dir='ltr'><strong>Lunam</strong></span> <span class='ocrx_word' id='word_1_56' title='bbox 1501 1327 1609 1385; x_wconf 84' lang='lat' dir='ltr'><strong>venire.</strong></span> <span class='ocrx_word' id='word_1_57' title='bbox 1634 1324 1774 1385; x_wconf 77' lang='lat' dir='ltr'><strong>Ratioma</strong></span> <span class='ocrx_word' id='word_1_58' title='bbox 1797 1323 1888 1400; x_wconf 86' lang='lat' dir='ltr'><strong>hujus</strong></span> <span class='ocrx_word' id='word_1_59' title='bbox 1911 1326 2070 1385; x_wconf 63' lang='lat' dir='ltr'><strong>autentim</strong></span> 
     </span>
     <span class='ocr_line' id='line_1_7' title="bbox 714 1410 2070 1489; baseline -0.002 -17"><span class='ocrx_word' id='word_1_60' title='bbox 714 1414 868 1489; x_wconf 88' lang='lat' dir='ltr'><strong>pollicetur</strong></span> <span class='ocrx_word' id='word_1_61' title='bbox 894 1431 926 1472; x_wconf 88' lang='lat' dir='ltr'><strong>ee</strong></span> <span class='ocrx_word' id='word_1_62' title='bbox 949 1414 1093 1472; x_wconf 90' lang='lat' dir='ltr'><strong>dicturum</strong></span> <span class='ocrx_word' id='word_1_63' title='bbox 1116 1413 1198 1474; x_wconf 88' lang='lat' dir='ltr'><strong>alibi.</strong></span> <span class='ocrx_word' id='word_1_64' title='bbox 1243 1412 1321 1487; x_wconf 87' lang='lat' dir='ltr'><strong>Quid</strong></span> <span class='ocrx_word' id='word_1_65' title='bbox 1343 1412 1382 1470; x_wconf 90' lang='lat' dir='ltr'><strong>ad</strong></span> <span class='ocrx_word' id='word_1_66' title='bbox 1406 1412 1478 1472; x_wconf 87' lang='lat' dir='ltr'><strong>baec</strong></span> <span class='ocrx_word' id='word_1_67' title='bbox 1501 1412 1739 1472; x_wconf 77' lang='lat' dir='ltr'><strong>claromontius?</strong></span> <span class='ocrx_word' id='word_1_68' title='bbox 1772 1410 1884 1472; x_wconf 84' lang='lat' dir='ltr'><strong>Plenus</strong></span> <span class='ocrx_word' id='word_1_69' title='bbox 1908 1410 2070 1472; x_wconf 57' lang='lat' dir='ltr'><strong>domnia*</strong></span> 
     </span>
     <span class='ocr_line' id='line_1_8' title="bbox 714 1499 2070 1576; baseline -0.001 -17"><span class='ocrx_word' id='word_1_70' title='bbox 714 1519 777 1559; x_wconf 93' lang='lat' dir='ltr'><strong>rum</strong></span> <span class='ocrx_word' id='word_1_71' title='bbox 792 1512 846 1571; x_wconf 83' lang='lat' dir='ltr'><strong>eat,</strong></span> <span class='ocrx_word' id='word_1_72' title='bbox 862 1501 933 1559; x_wconf 86' lang='lat' dir='ltr'><strong>niltil</strong></span> <span class='ocrx_word' id='word_1_73' title='bbox 950 1505 1090 1559; x_wconf 87' lang='lat' dir='ltr'><strong>intactum</strong></span> <span class='ocrx_word' id='word_1_74' title='bbox 1105 1501 1250 1575; x_wconf 81' lang='lat' dir='ltr'><strong>relinquit.</strong></span> <span class='ocrx_word' id='word_1_75' title='bbox 1293 1500 1471 1576; x_wconf 83' lang='lat' dir='ltr'><strong>Tyclronem,</strong></span> <span class='ocrx_word' id='word_1_76' title='bbox 1488 1502 1538 1572; x_wconf 87' lang='lat' dir='ltr'><strong>ait,</strong></span> <span class='ocrx_word' id='word_1_77' title='bbox 1554 1500 1709 1560; x_wconf 71' lang='lat' dir='ltr'><strong>extendere</strong></span> <span class='ocrx_word' id='word_1_78' title='bbox 1722 1500 1949 1560; x_wconf 75' lang='lat' dir='ltr'><strong>mactationem</strong></span> <span class='ocrx_word' id='word_1_79' title='bbox 1962 1499 2070 1558; x_wconf 74' lang='lat' dir='ltr'><strong>darum</strong></span> 
     </span>
     <span class='ocr_line' id='line_1_9' title="bbox 712 1588 2069 1665; baseline 0 -20"><span class='ocrx_word' id='word_1_80' title='bbox 712 1605 841 1647; x_wconf 81' lang='lat' dir='ltr'><strong>marum</strong></span> <span class='ocrx_word' id='word_1_81' title='bbox 864 1592 1020 1647; x_wconf 85' lang='lat' dir='ltr'><strong>rationum</strong></span> <span class='ocrx_word' id='word_1_82' title='bbox 1044 1588 1087 1647; x_wconf 87' lang='lat' dir='ltr'><strong>ad</strong></span> <span class='ocrx_word' id='word_1_83' title='bbox 1107 1606 1228 1648; x_wconf 87' lang='lat' dir='ltr'><strong>omnem</strong></span> <span class='ocrx_word' id='word_1_84' title='bbox 1250 1589 1377 1647; x_wconf 88' lang='lat' dir='ltr'><strong>omnino</strong></span> <span class='ocrx_word' id='word_1_85' title='bbox 1399 1594 1557 1662; x_wconf 86' lang='lat' dir='ltr'><strong>cometam,</strong></span> <span class='ocrx_word' id='word_1_86' title='bbox 1581 1591 1635 1664; x_wconf 73' lang='lat' dir='ltr'><strong>atti</strong></span> <span class='ocrx_word' id='word_1_87' title='bbox 1647 1588 1743 1665; x_wconf 70' lang='lat' dir='ltr'><strong>fuerit</strong></span> <span class='ocrx_word' id='word_1_88' title='bbox 1757 1590 1872 1664; x_wconf 80' lang='lat' dir='ltr'><strong>quique</strong></span> <span class='ocrx_word' id='word_1_89' title='bbox 1883 1588 2015 1665; x_wconf 65' lang='lat' dir='ltr'><strong>pistum</strong></span> <span class='ocrx_word' id='word_1_90' title='bbox 2027 1590 2069 1645; x_wconf 86' lang='lat' dir='ltr'><strong>rit</strong></span> 
     </span>
    </p>

    <p class='ocr_par' dir='ltr' id='par_1_3' title="bbox 713 1673 2068 2889">
     <span class='ocr_line' id='line_1_10' title="bbox 823 1673 2068 1752; baseline 0 -19"><span class='ocrx_word' id='word_1_91' title='bbox 823 1676 874 1733; x_wconf 71' lang='lat'><strong>⁶28.</strong></span> <span class='ocrx_word' id='word_1_92' title='bbox 912 1676 1020 1752; x_wconf 83' lang='lat' dir='ltr'><strong>Iniqua</strong></span> <span class='ocrx_word' id='word_1_93' title='bbox 1042 1693 1133 1748; x_wconf 88' lang='lat' dir='ltr'><strong>mene,</strong></span> <span class='ocrx_word' id='word_1_94' title='bbox 1157 1676 1259 1751; x_wconf 88' lang='lat' dir='ltr'><strong>iniqua</strong></span> <span class='ocrx_word' id='word_1_95' title='bbox 1281 1677 1384 1733; x_wconf 91' lang='lat' dir='ltr'><strong>oratio.</strong></span> <span class='ocrx_word' id='word_1_96' title='bbox 1430 1674 1496 1733; x_wconf 84' lang='lat' dir='ltr'><strong>Non</strong></span> <span class='ocrx_word' id='word_1_97' title='bbox 1520 1673 1566 1733; x_wconf 88' lang='lat' dir='ltr'><strong>bis</strong></span> <span class='ocrx_word' id='word_1_98' title='bbox 1594 1674 1646 1734; x_wconf 87' lang='lat' dir='ltr'><strong>aed</strong></span> <span class='ocrx_word' id='word_1_99' title='bbox 1667 1675 1812 1734; x_wconf 86' lang='lat' dir='ltr'><strong>similibus</strong></span> <span class='ocrx_word' id='word_1_100' title='bbox 1835 1674 1944 1735; x_wconf 86' lang='lat' dir='ltr'><strong>baram</strong></span> <span class='ocrx_word' id='word_1_101' title='bbox 1965 1674 2068 1751; x_wconf 85' lang='lat' dir='ltr'><strong>proba·</strong></span> 
     </span>
     <span class='ocr_line' id='line_1_11' title="bbox 715 1761 2067 1841; baseline -0.001 -19"><span class='ocrx_word' id='word_1_102' title='bbox 715 1764 860 1835; x_wconf 90' lang='lat' dir='ltr'><strong>tionibus,</strong></span> <span class='ocrx_word' id='word_1_103' title='bbox 884 1766 989 1839; x_wconf 88' lang='lat' dir='ltr'><strong>cuique</strong></span> <span class='ocrx_word' id='word_1_104' title='bbox 1013 1771 1143 1822; x_wconf 87' lang='lat' dir='ltr'><strong>cometae</strong></span> <span class='ocrx_word' id='word_1_105' title='bbox 1165 1764 1307 1841; x_wconf 85' lang='lat' dir='ltr'><strong>propriis,</strong></span> <span class='ocrx_word' id='word_1_106' title='bbox 1331 1764 1374 1821; x_wconf 90' lang='lat' dir='ltr'><strong>ait</strong></span> <span class='ocrx_word' id='word_1_107' title='bbox 1395 1780 1427 1822; x_wconf 90' lang='lat' dir='ltr'><strong>se</strong></span> <span class='ocrx_word' id='word_1_108' title='bbox 1451 1762 1647 1823; x_wconf 85' lang='lat' dir='ltr'><strong>demonstrare</strong></span> <span class='ocrx_word' id='word_1_109' title='bbox 1670 1761 1773 1823; x_wconf 85' lang='lat' dir='ltr'><strong>eedem</strong></span> <span class='ocrx_word' id='word_1_110' title='bbox 1795 1762 1832 1822; x_wconf 93' lang='lat' dir='ltr'><strong>de</strong></span> <span class='ocrx_word' id='word_1_111' title='bbox 1855 1763 2002 1840; x_wconf 79' lang='lat' dir='ltr'><strong>pluribus,</strong></span> <span class='ocrx_word' id='word_1_112' title='bbox 2024 1762 2067 1838; x_wconf 85' lang='lat' dir='ltr'><strong>qui</strong></span> 
     </span>
     <span class='ocr_line' id='line_1_12' title="bbox 713 1849 2067 1927; baseline -0.003 -18"><span class='ocrx_word' id='word_1_113' title='bbox 713 1868 769 1909; x_wconf 86' lang='lat' dir='ltr'><strong>sna</strong></span> <span class='ocrx_word' id='word_1_114' title='bbox 791 1860 891 1910; x_wconf 89' lang='lat' dir='ltr'><strong>aetate</strong></span> <span class='ocrx_word' id='word_1_115' title='bbox 913 1852 1035 1923; x_wconf 78' lang='lat' dir='ltr'><strong>luerint,</strong></span> <span class='ocrx_word' id='word_1_116' title='bbox 1058 1868 1115 1909; x_wconf 92' lang='lat' dir='ltr'><strong>non</strong></span> <span class='ocrx_word' id='word_1_117' title='bbox 1140 1850 1175 1909; x_wconf 93' lang='lat' dir='ltr'><strong>dc</strong></span> <span class='ocrx_word' id='word_1_118' title='bbox 1198 1850 1310 1919; x_wconf 85' lang='lat' dir='ltr'><strong>suturis,</strong></span> <span class='ocrx_word' id='word_1_119' title='bbox 1334 1866 1393 1907; x_wconf 94' lang='lat' dir='ltr'><strong>non</strong></span> <span class='ocrx_word' id='word_1_120' title='bbox 1416 1850 1453 1909; x_wconf 91' lang='lat' dir='ltr'><strong>de</strong></span> <span class='ocrx_word' id='word_1_121' title='bbox 1476 1851 1620 1910; x_wconf 89' lang='lat' dir='ltr'><strong>omnibns.</strong></span> <span class='ocrx_word' id='word_1_122' title='bbox 1668 1850 1708 1909; x_wconf 80' lang='lat' dir='ltr'><strong>At</strong></span> <span class='ocrx_word' id='word_1_123' title='bbox 1729 1849 1766 1911; x_wconf 88' lang='lat' dir='ltr'><strong>de</strong></span> <span class='ocrx_word' id='word_1_124' title='bbox 1789 1850 1930 1910; x_wconf 84' lang='lat' dir='ltr'><strong>omnibus</strong></span> <span class='ocrx_word' id='word_1_125' title='bbox 1948 1850 2013 1927; x_wconf 88' lang='lat' dir='ltr'><strong>jam</strong></span> <span class='ocrx_word' id='word_1_126' title='bbox 2032 1851 2067 1908; x_wconf 89' lang='lat' dir='ltr'><strong>ait</strong></span> 
     </span>
     <span class='ocr_line' id='line_1_13' title="bbox 717 1936 2066 2015; baseline 0 -19"><span class='ocrx_word' id='word_1_127' title='bbox 717 1956 750 1997; x_wconf 89' lang='lat' dir='ltr'><strong>ae</strong></span> <span class='ocrx_word' id='word_1_128' title='bbox 773 1936 852 1997; x_wconf 91' lang='lat' dir='ltr'><strong>idem</strong></span> <span class='ocrx_word' id='word_1_129' title='bbox 874 1941 981 1997; x_wconf 78' lang='lat' dir='ltr'><strong>areima</strong></span> <span class='ocrx_word' id='word_1_130' title='bbox 999 1955 1203 2012; x_wconf 74' lang='lat' dir='ltr'><strong>praesumere,</strong></span> <span class='ocrx_word' id='word_1_131' title='bbox 1228 1954 1286 1995; x_wconf 95' lang='lat' dir='ltr'><strong>non</strong></span> <span class='ocrx_word' id='word_1_132' title='bbox 1309 1939 1350 1995; x_wconf 88' lang='lat' dir='ltr'><strong>ait</strong></span> <span class='ocrx_word' id='word_1_133' title='bbox 1372 1956 1405 1996; x_wconf 89' lang='lat' dir='ltr'><strong>se</strong></span> <span class='ocrx_word' id='word_1_134' title='bbox 1427 1937 1651 1997; x_wconf 81' lang='lat' dir='ltr'><strong>demonstrare:</strong></span> <span class='ocrx_word' id='word_1_135' title='bbox 1672 1954 1740 1997; x_wconf 92' lang='lat' dir='ltr'><strong>nam</strong></span> <span class='ocrx_word' id='word_1_136' title='bbox 1764 1955 1842 2015; x_wconf 87' lang='lat' dir='ltr'><strong>quae</strong></span> <span class='ocrx_word' id='word_1_137' title='bbox 1859 1937 1964 2014; x_wconf 78' lang='lat' dir='ltr'><strong>lingna</strong></span> <span class='ocrx_word' id='word_1_138' title='bbox 1989 1952 2066 2015; x_wconf 82' lang='lat' dir='ltr'><strong>prae·</strong></span> 
     </span>
     <span class='ocr_line' id='line_1_14' title="bbox 717 2024 2066 2103; baseline -0.001 -19"><span class='ocrx_word' id='word_1_139' title='bbox 717 2043 787 2102; x_wconf 88' lang='lat' dir='ltr'><strong>ceps</strong></span> <span class='ocrx_word' id='word_1_140' title='bbox 810 2024 885 2084; x_wconf 84' lang='lat' dir='ltr'><strong>adeo</strong></span> <span class='ocrx_word' id='word_1_141' title='bbox 908 2025 1024 2085; x_wconf 81' lang='lat' dir='ltr'><strong>diversa</strong></span> <span class='ocrx_word' id='word_1_142' title='bbox 1046 2026 1109 2083; x_wconf 88' lang='lat' dir='ltr'><strong>abit</strong></span> <span class='ocrx_word' id='word_1_143' title='bbox 1131 2041 1150 2083; x_wconf 87' lang='lat' dir='ltr'><strong>a</strong></span> <span class='ocrx_word' id='word_1_144' title='bbox 1171 2033 1284 2095; x_wconf 88' lang='lat' dir='ltr'><strong>menta,</strong></span> <span class='ocrx_word' id='word_1_145' title='bbox 1314 2035 1346 2082; x_wconf 92' lang='lat' dir='ltr'><strong>ut</strong></span> <span class='ocrx_word' id='word_1_146' title='bbox 1376 2025 1455 2083; x_wconf 90' lang='lat' dir='ltr'><strong>dicat</strong></span> <span class='ocrx_word' id='word_1_147' title='bbox 1485 2025 1667 2098; x_wconf 84' lang='lat' dir='ltr'><strong>sevidisse,</strong></span> <span class='ocrx_word' id='word_1_148' title='bbox 1691 2025 1772 2103; x_wconf 84' lang='lat' dir='ltr'><strong>quod</strong></span> <span class='ocrx_word' id='word_1_149' title='bbox 1801 2042 1861 2086; x_wconf 93' lang='lat' dir='ltr'><strong>non</strong></span> <span class='ocrx_word' id='word_1_150' title='bbox 1885 2024 1981 2098; x_wconf 80' lang='lat' dir='ltr'><strong>vidit,</strong></span> <span class='ocrx_word' id='word_1_151' title='bbox 2016 2039 2066 2083; x_wconf 89' lang='lat' dir='ltr'><strong>ner</strong></span> 
     </span>
     <span class='ocr_line' id='line_1_15' title="bbox 719 2112 2065 2190; baseline 0.001 -21"><span class='ocrx_word' id='word_1_152' title='bbox 719 2114 820 2170; x_wconf 83' lang='lat' dir='ltr'><strong>visura</strong></span> <span class='ocrx_word' id='word_1_153' title='bbox 842 2124 896 2184; x_wconf 88' lang='lat' dir='ltr'><strong>est,</strong></span> <span class='ocrx_word' id='word_1_154' title='bbox 920 2112 1085 2189; x_wconf 81' lang='lat' dir='ltr'><strong>purallaxes</strong></span> <span class='ocrx_word' id='word_1_155' title='bbox 1107 2129 1147 2171; x_wconf 87' lang='lat' dir='ltr'><strong>se.</strong></span> <span class='ocrx_word' id='word_1_156' title='bbox 1172 2127 1366 2184; x_wconf 88' lang='lat' dir='ltr'><strong>cometarum,</strong></span> <span class='ocrx_word' id='word_1_157' title='bbox 1391 2114 1443 2187; x_wconf 89' lang='lat' dir='ltr'><strong>qui</strong></span> <span class='ocrx_word' id='word_1_158' title='bbox 1465 2122 1685 2190; x_wconf 82' lang='lat' dir='ltr'><strong>praecesserunt</strong></span> <span class='ocrx_word' id='word_1_159' title='bbox 1707 2115 1818 2190; x_wconf 85' lang='lat' dir='ltr'><strong>quique</strong></span> <span class='ocrx_word' id='word_1_160' title='bbox 1841 2114 1974 2173; x_wconf 80' lang='lat' dir='ltr'><strong>secuturi</strong></span> <span class='ocrx_word' id='word_1_161' title='bbox 1996 2122 2065 2184; x_wconf 87' lang='lat' dir='ltr'><strong>aunt,</strong></span> 
     </span>
     <span class='ocr_line' id='line_1_16' title="bbox 722 2200 2066 2277; baseline 0.001 -19"><span class='ocrx_word' id='word_1_162' title='bbox 722 2218 788 2258; x_wconf 92' lang='lat' dir='ltr'><strong>cum</strong></span> <span class='ocrx_word' id='word_1_163' title='bbox 811 2200 1091 2258; x_wconf 71' lang='lat' dir='ltr'><strong>demonstrationum</strong></span> <span class='ocrx_word' id='word_1_164' title='bbox 1119 2203 1239 2259; x_wconf 89' lang='lat' dir='ltr'><strong>istamm</strong></span> <span class='ocrx_word' id='word_1_165' title='bbox 1267 2201 1413 2277; x_wconf 87' lang='lat' dir='ltr'><strong>principia</strong></span> <span class='ocrx_word' id='word_1_166' title='bbox 1440 2200 1499 2257; x_wconf 86' lang='lat' dir='ltr'><strong>sint</strong></span> <span class='ocrx_word' id='word_1_167' title='bbox 1527 2200 1773 2261; x_wconf 77' lang='lat' dir='ltr'><strong>observationes?</strong></span> <span class='ocrx_word' id='word_1_168' title='bbox 1817 2200 1885 2261; x_wconf 84' lang='lat' dir='ltr'><strong>Nan</strong></span> <span class='ocrx_word' id='word_1_169' title='bbox 1915 2200 1992 2259; x_wconf 82' lang='lat' dir='ltr'><strong>dixit</strong></span> <span class='ocrx_word' id='word_1_170' title='bbox 2019 2200 2066 2259; x_wconf 84' lang='lat' dir='ltr'><strong>bae</strong></span> 
     </span>
     <span class='ocr_line' id='line_1_17' title="bbox 719 2285 2066 2365; baseline 0.001 -20"><span class='ocrx_word' id='word_1_171' title='bbox 719 2286 833 2365; x_wconf 80' lang='lat' dir='ltr'><strong>Tycbo,</strong></span> <span class='ocrx_word' id='word_1_172' title='bbox 856 2304 914 2346; x_wconf 94' lang='lat' dir='ltr'><strong>non</strong></span> <span class='ocrx_word' id='word_1_173' title='bbox 938 2287 1048 2359; x_wconf 65' lang='lat' dir='ltr'><strong>voluta</strong></span> <span class='ocrx_word' id='word_1_174' title='bbox 1071 2304 1130 2346; x_wconf 92' lang='lat' dir='ltr'><strong>non</strong></span> <span class='ocrx_word' id='word_1_175' title='bbox 1152 2285 1418 2347; x_wconf 76' lang='lat' dir='ltr'><strong>demonstrationes</strong></span> <span class='ocrx_word' id='word_1_176' title='bbox 1435 2304 1470 2346; x_wconf 92' lang='lat' dir='ltr'><strong>ex</strong></span> <span class='ocrx_word' id='word_1_177' title='bbox 1491 2287 1748 2347; x_wconf 82' lang='lat' dir='ltr'><strong>observationibus</strong></span> <span class='ocrx_word' id='word_1_178' title='bbox 1767 2288 1873 2364; x_wconf 85' lang='lat' dir='ltr'><strong>jactat,</strong></span> <span class='ocrx_word' id='word_1_179' title='bbox 1896 2286 1992 2348; x_wconf 80' lang='lat' dir='ltr'><strong>veluti</strong></span> <span class='ocrx_word' id='word_1_180' title='bbox 2012 2288 2066 2365; x_wconf 83' lang='lat' dir='ltr'><strong>jan</strong></span> 
     </span>
     <span class='ocr_line' id='line_1_18' title="bbox 716 2373 2065 2449; baseline 0.001 -18"><span class='ocrx_word' id='word_1_181' title='bbox 716 2373 831 2433; x_wconf 89' lang='lat' dir='ltr'><strong>ablatas</strong></span> <span class='ocrx_word' id='word_1_182' title='bbox 854 2374 891 2432; x_wconf 90' lang='lat' dir='ltr'><strong>de</strong></span> <span class='ocrx_word' id='word_1_183' title='bbox 913 2375 1068 2445; x_wconf 87' lang='lat' dir='ltr'><strong>omnibus,</strong></span> <span class='ocrx_word' id='word_1_184' title='bbox 1097 2373 1149 2433; x_wconf 89' lang='lat' dir='ltr'><strong>sed</strong></span> <span class='ocrx_word' id='word_1_185' title='bbox 1173 2378 1320 2447; x_wconf 89' lang='lat' dir='ltr'><strong>rationes,</strong></span> <span class='ocrx_word' id='word_1_186' title='bbox 1356 2391 1407 2433; x_wconf 91' lang='lat' dir='ltr'><strong>eur</strong></span> <span class='ocrx_word' id='word_1_187' title='bbox 1431 2377 1471 2432; x_wconf 87' lang='lat' dir='ltr'><strong>ita</strong></span> <span class='ocrx_word' id='word_1_188' title='bbox 1493 2380 1604 2433; x_wconf 89' lang='lat' dir='ltr'><strong>statuat</strong></span> <span class='ocrx_word' id='word_1_189' title='bbox 1627 2374 1664 2434; x_wconf 89' lang='lat' dir='ltr'><strong>de</strong></span> <span class='ocrx_word' id='word_1_190' title='bbox 1693 2375 1843 2449; x_wconf 89' lang='lat' dir='ltr'><strong>omnibus,</strong></span> <span class='ocrx_word' id='word_1_191' title='bbox 1879 2377 1909 2433; x_wconf 92' lang='lat' dir='ltr'><strong>in</strong></span> <span class='ocrx_word' id='word_1_192' title='bbox 1944 2374 2065 2435; x_wconf 80' lang='lat' dir='ltr'><strong>laturum</strong></span> 
     </span>
     <span class='ocr_line' id='line_1_19' title="bbox 715 2459 2066 2539; baseline 0.001 -20"><span class='ocrx_word' id='word_1_193' title='bbox 715 2461 833 2521; x_wconf 89' lang='lat' dir='ltr'><strong>demum</strong></span> <span class='ocrx_word' id='word_1_194' title='bbox 855 2471 970 2539; x_wconf 89' lang='lat' dir='ltr'><strong>tempus</strong></span> <span class='ocrx_word' id='word_1_195' title='bbox 995 2463 1104 2537; x_wconf 86' lang='lat' dir='ltr'><strong>rejicit,</strong></span> <span class='ocrx_word' id='word_1_196' title='bbox 1136 2460 1207 2521; x_wconf 91' lang='lat' dir='ltr'><strong>alibi</strong></span> <span class='ocrx_word' id='word_1_197' title='bbox 1231 2480 1264 2520; x_wconf 86' lang='lat' dir='ltr'><strong>aa</strong></span> <span class='ocrx_word' id='word_1_198' title='bbox 1287 2462 1478 2520; x_wconf 87' lang='lat' dir='ltr'><strong>indicaturum</strong></span> <span class='ocrx_word' id='word_1_199' title='bbox 1502 2459 1660 2538; x_wconf 86' lang='lat' dir='ltr'><strong>pollicitus.</strong></span> <span class='ocrx_word' id='word_1_200' title='bbox 1698 2463 1761 2539; x_wconf 79' lang='lat' dir='ltr'><strong>Ego</strong></span> <span class='ocrx_word' id='word_1_201' title='bbox 1786 2480 1868 2537; x_wconf 90' lang='lat' dir='ltr'><strong>rera,</strong></span> <span class='ocrx_word' id='word_1_202' title='bbox 1893 2466 1951 2522; x_wconf 83' lang='lat' dir='ltr'><strong>etsi</strong></span> <span class='ocrx_word' id='word_1_203' title='bbox 1975 2466 2005 2522; x_wconf 95' lang='lat' dir='ltr'><strong>in</strong></span> <span class='ocrx_word' id='word_1_204' title='bbox 2027 2461 2066 2522; x_wconf 90' lang='lat' dir='ltr'><strong>dl-</strong></span> 
     </span>
     <span class='ocr_line' id='line_1_20' title="bbox 714 2547 2066 2627; baseline 0.001 -20"><span class='ocrx_word' id='word_1_205' title='bbox 714 2566 800 2608; x_wconf 83' lang='lat' dir='ltr'><strong>rersa</strong></span> <span class='ocrx_word' id='word_1_206' title='bbox 821 2550 860 2608; x_wconf 88' lang='lat' dir='ltr'><strong>ab</strong></span> <span class='ocrx_word' id='word_1_207' title='bbox 884 2547 935 2607; x_wconf 94' lang='lat' dir='ltr'><strong>illo</strong></span> <span class='ocrx_word' id='word_1_208' title='bbox 959 2566 1024 2607; x_wconf 89' lang='lat' dir='ltr'><strong>eum</strong></span> <span class='ocrx_word' id='word_1_209' title='bbox 1047 2550 1198 2625; x_wconf 87' lang='lat' dir='ltr'><strong>opinione,</strong></span> <span class='ocrx_word' id='word_1_210' title='bbox 1223 2548 1296 2607; x_wconf 86' lang='lat' dir='ltr'><strong>nihil</strong></span> <span class='ocrx_word' id='word_1_211' title='bbox 1319 2548 1460 2625; x_wconf 91' lang='lat' dir='ltr'><strong>impedire</strong></span> <span class='ocrx_word' id='word_1_212' title='bbox 1483 2555 1578 2622; x_wconf 87' lang='lat' dir='ltr'><strong>ratus,</strong></span> <span class='ocrx_word' id='word_1_213' title='bbox 1611 2552 1682 2627; x_wconf 88' lang='lat' dir='ltr'><strong>quin</strong></span> <span class='ocrx_word' id='word_1_214' title='bbox 1705 2552 1793 2609; x_wconf 88' lang='lat' dir='ltr'><strong>etiam</strong></span> <span class='ocrx_word' id='word_1_215' title='bbox 1817 2549 2002 2627; x_wconf 65' lang='lat' dir='ltr'><strong>numaque</strong></span> <span class='ocrx_word' id='word_1_216' title='bbox 2022 2566 2066 2609; x_wconf 86' lang='lat' dir='ltr'><strong>eo-</strong></span> 
     </span>
     <span class='ocr_line' id='line_1_21' title="bbox 713 2633 2065 2714; baseline 0.001 -20"><span class='ocrx_word' id='word_1_217' title='bbox 713 2646 793 2695; x_wconf 89' lang='lat' dir='ltr'><strong>meta</strong></span> <span class='ocrx_word' id='word_1_218' title='bbox 816 2637 962 2711; x_wconf 88' lang='lat' dir='ltr'><strong>quispiam</strong></span> <span class='ocrx_word' id='word_1_219' title='bbox 992 2638 1114 2714; x_wconf 89' lang='lat' dir='ltr'><strong>propius</strong></span> <span class='ocrx_word' id='word_1_220' title='bbox 1136 2636 1258 2695; x_wconf 84' lang='lat' dir='ltr'><strong>&#39;l&#39;erram</strong></span> <span class='ocrx_word' id='word_1_221' title='bbox 1285 2646 1315 2694; x_wconf 91' lang='lat' dir='ltr'><strong>ct</strong></span> <span class='ocrx_word' id='word_1_222' title='bbox 1337 2638 1410 2695; x_wconf 87' lang='lat' dir='ltr'><strong>citra</strong></span> <span class='ocrx_word' id='word_1_223' title='bbox 1435 2636 1536 2694; x_wconf 55' lang='lat' dir='ltr'><strong>latinae</strong></span> <span class='ocrx_word' id='word_1_224' title='bbox 1559 2636 1685 2696; x_wconf 90' lang='lat' dir='ltr'><strong>conlinia</strong></span> <span class='ocrx_word' id='word_1_225' title='bbox 1708 2637 1853 2713; x_wconf 84' lang='lat' dir='ltr'><strong>trajiciat,</strong></span> <span class='ocrx_word' id='word_1_226' title='bbox 1878 2636 1954 2696; x_wconf 91' lang='lat' dir='ltr'><strong>nibil</strong></span> <span class='ocrx_word' id='word_1_227' title='bbox 1977 2633 2065 2698; x_wconf 72' lang='lat' dir='ltr'><strong>tamen</strong></span> 
     </span>
     <span class='ocr_line' id='line_1_22' title="bbox 715 2719 2066 2808; baseline 0.003 -27"><span class='ocrx_word' id='word_1_228' title='bbox 715 2740 823 2783; x_wconf 88' lang='lat' dir='ltr'><strong>causae</strong></span> <span class='ocrx_word' id='word_1_229' title='bbox 847 2723 944 2795; x_wconf 84' lang='lat' dir='ltr'><strong>rideo,</strong></span> <span class='ocrx_word' id='word_1_230' title='bbox 968 2740 1018 2783; x_wconf 89' lang='lat' dir='ltr'><strong>eur</strong></span> <span class='ocrx_word' id='word_1_231' title='bbox 1041 2726 1145 2801; x_wconf 86' lang='lat' dir='ltr'><strong>ipsum,</strong></span> <span class='ocrx_word' id='word_1_232' title='bbox 1168 2722 1373 2801; x_wconf 84' lang='lat' dir='ltr'><strong>philosophice</strong></span> <span class='ocrx_word' id='word_1_233' title='bbox 1398 2734 1426 2782; x_wconf 89' lang='lat' dir='ltr'><strong>ct</strong></span> <span class='ocrx_word' id='word_1_234' title='bbox 1450 2726 1568 2782; x_wconf 91' lang='lat' dir='ltr'><strong>omnino</strong></span> <span class='ocrx_word' id='word_1_235' title='bbox 1592 2719 1688 2803; x_wconf 82' lang='lat' dir='ltr'><strong>(qnod</strong></span> <span class='ocrx_word' id='word_1_236' title='bbox 1712 2726 1833 2801; x_wconf 85' lang='lat' dir='ltr'><strong>requirit</strong></span> <span class='ocrx_word' id='word_1_237' title='bbox 1855 2720 1977 2808; x_wconf 88' lang='lat' dir='ltr'><strong>Scipio)</strong></span> <span class='ocrx_word' id='word_1_238' title='bbox 1998 2724 2066 2803; x_wconf 78' lang='lat' dir='ltr'><strong>pby·</strong></span> 
     </span>
     <span class='ocr_line' id='line_1_23' title="bbox 717 2809 1936 2889; baseline 0.003 -21"><span class='ocrx_word' id='word_1_239' title='bbox 717 2814 778 2870; x_wconf 88' lang='lat' dir='ltr'><strong>sice</strong></span> <span class='ocrx_word' id='word_1_240' title='bbox 800 2819 979 2870; x_wconf 75' lang='lat' dir='ltr'><strong>statuentem</strong></span> <span class='ocrx_word' id='word_1_241' title='bbox 1001 2813 1188 2887; x_wconf 84' lang='lat' dir='ltr'><strong>rationesque</strong></span> <span class='ocrx_word' id='word_1_242' title='bbox 1211 2809 1398 2889; x_wconf 77' lang='lat' dir='ltr'><strong>pollicentem</strong></span> <span class='ocrx_word' id='word_1_243' title='bbox 1422 2811 1597 2888; x_wconf 74' lang='lat' dir='ltr'><strong>probabiles,</strong></span> <span class='ocrx_word' id='word_1_244' title='bbox 1621 2812 1755 2871; x_wconf 80' lang='lat' dir='ltr'><strong>acerbius</strong></span> <span class='ocrx_word' id='word_1_245' title='bbox 1778 2813 1936 2888; x_wconf 81' lang='lat' dir='ltr'><strong>exagitem.</strong></span> 
     </span>
    </p>

    <p class='ocr_par' dir='ltr' id='par_1_4' title="bbox 714 2895 2067 3326">
     <span class='ocr_line' id='line_1_24' title="bbox 820 2895 2067 2976; baseline 0.002 -21"><span class='ocrx_word' id='word_1_246' title='bbox 820 2900 873 2957; x_wconf 75' lang='lat'><strong>29.</strong></span> <span class='ocrx_word' id='word_1_247' title='bbox 913 2895 1076 2958; x_wconf 81' lang='lat' dir='ltr'><strong>Universae</strong></span> <span class='ocrx_word' id='word_1_248' title='bbox 1099 2897 1305 2976; x_wconf 81' lang='lat' dir='ltr'><strong>philosophiae</strong></span> <span class='ocrx_word' id='word_1_249' title='bbox 1327 2898 1384 2957; x_wconf 92' lang='lat' dir='ltr'><strong>boc</strong></span> <span class='ocrx_word' id='word_1_250' title='bbox 1407 2909 1450 2958; x_wconf 90' lang='lat' dir='ltr'><strong>est</strong></span> <span class='ocrx_word' id='word_1_251' title='bbox 1479 2900 1644 2972; x_wconf 81' lang='lat' dir='ltr'><strong>ingenium,</strong></span> <span class='ocrx_word' id='word_1_252' title='bbox 1670 2906 1701 2958; x_wconf 91' lang='lat' dir='ltr'><strong>ut</strong></span> <span class='ocrx_word' id='word_1_253' title='bbox 1723 2900 1872 2959; x_wconf 82' lang='lat' dir='ltr'><strong>axiomata</strong></span> <span class='ocrx_word' id='word_1_254' title='bbox 1895 2900 2067 2963; x_wconf 78' lang='lat' dir='ltr'><strong>universalia</strong></span> 
     </span>
     <span class='ocr_line' id='line_1_25' title="bbox 718 2984 2067 3067; baseline 0.003 -25"><span class='ocrx_word' id='word_1_255' title='bbox 718 2986 843 3060; x_wconf 86' lang='lat' dir='ltr'><strong>primum</strong></span> <span class='ocrx_word' id='word_1_256' title='bbox 865 3002 902 3045; x_wconf 90' lang='lat' dir='ltr'><strong>cx</strong></span> <span class='ocrx_word' id='word_1_257' title='bbox 925 2984 1095 3045; x_wconf 84' lang='lat' dir='ltr'><strong>inductione</strong></span> <span class='ocrx_word' id='word_1_258' title='bbox 1117 2986 1310 3062; x_wconf 77' lang='lat' dir='ltr'><strong>singularium</strong></span> <span class='ocrx_word' id='word_1_259' title='bbox 1331 2984 1536 3044; x_wconf 89' lang='lat' dir='ltr'><strong>nonnullorum</strong></span> <span class='ocrx_word' id='word_1_260' title='bbox 1559 2988 1658 3045; x_wconf 90' lang='lat' dir='ltr'><strong>animo</strong></span> <span class='ocrx_word' id='word_1_261' title='bbox 1681 2994 1849 3063; x_wconf 86' lang='lat' dir='ltr'><strong>praesumta</strong></span> <span class='ocrx_word' id='word_1_262' title='bbox 1866 2985 1978 3048; x_wconf 87' lang='lat' dir='ltr'><strong>deinde</strong></span> <span class='ocrx_word' id='word_1_263' title='bbox 2000 3004 2067 3067; x_wconf 87' lang='lat' dir='ltr'><strong>paa-</strong></span> 
     </span>
     <span class='ocr_line' id='line_1_26' title="bbox 715 3068 2066 3152; baseline 0.002 -22"><span class='ocrx_word' id='word_1_264' title='bbox 715 3068 798 3132; x_wconf 88' lang='lat' dir='ltr'><strong>latim</strong></span> <span class='ocrx_word' id='word_1_265' title='bbox 820 3071 1007 3133; x_wconf 84' lang='lat' dir='ltr'><strong>stabiliantur</strong></span> <span class='ocrx_word' id='word_1_266' title='bbox 1029 3081 1059 3132; x_wconf 89' lang='lat' dir='ltr'><strong>et</strong></span> <span class='ocrx_word' id='word_1_267' title='bbox 1081 3072 1243 3145; x_wconf 81' lang='lat' dir='ltr'><strong>firmentur,</strong></span> <span class='ocrx_word' id='word_1_268' title='bbox 1266 3076 1292 3131; x_wconf 85' lang='lat' dir='ltr'><strong>ai</strong></span> <span class='ocrx_word' id='word_1_269' title='bbox 1314 3071 1427 3132; x_wconf 90' lang='lat' dir='ltr'><strong>nullum</strong></span> <span class='ocrx_word' id='word_1_270' title='bbox 1450 3071 1590 3132; x_wconf 86' lang='lat' dir='ltr'><strong>dissimile</strong></span> <span class='ocrx_word' id='word_1_271' title='bbox 1612 3076 1773 3150; x_wconf 88' lang='lat' dir='ltr'><strong>reperiatur</strong></span> <span class='ocrx_word' id='word_1_272' title='bbox 1795 3074 1974 3151; x_wconf 88' lang='lat' dir='ltr'><strong>exemplum.</strong></span> <span class='ocrx_word' id='word_1_273' title='bbox 2009 3074 2066 3152; x_wconf 86' lang='lat' dir='ltr'><strong>Quo</strong></span> 
     </span>
     <span class='ocr_line' id='line_1_27' title="bbox 714 3159 2066 3239; baseline 0.006 -23"><span class='ocrx_word' id='word_1_274' title='bbox 714 3162 744 3216; x_wconf 90' lang='lat' dir='ltr'><strong>in</strong></span> <span class='ocrx_word' id='word_1_275' title='bbox 767 3161 898 3236; x_wconf 86' lang='lat' dir='ltr'><strong>proiectu</strong></span> <span class='ocrx_word' id='word_1_276' title='bbox 919 3160 962 3231; x_wconf 87' lang='lat' dir='ltr'><strong>tit,</strong></span> <span class='ocrx_word' id='word_1_277' title='bbox 985 3170 1018 3219; x_wconf 91' lang='lat' dir='ltr'><strong>nt</strong></span> <span class='ocrx_word' id='word_1_278' title='bbox 1036 3160 1179 3237; x_wconf 86' lang='lat' dir='ltr'><strong>plurimae</strong></span> <span class='ocrx_word' id='word_1_279' title='bbox 1195 3168 1401 3237; x_wconf 88' lang='lat' dir='ltr'><strong>conceptamm</strong></span> <span class='ocrx_word' id='word_1_280' title='bbox 1416 3162 1586 3236; x_wconf 90' lang='lat' dir='ltr'><strong>opinionum</strong></span> <span class='ocrx_word' id='word_1_281' title='bbox 1603 3159 1692 3220; x_wconf 82' lang='lat' dir='ltr'><strong>veluti</strong></span> <span class='ocrx_word' id='word_1_282' title='bbox 1709 3160 1795 3220; x_wconf 85' lang='lat' dir='ltr'><strong>tiores</strong></span> <span class='ocrx_word' id='word_1_283' title='bbox 1809 3162 1838 3218; x_wconf 96' lang='lat' dir='ltr'><strong>in</strong></span> <span class='ocrx_word' id='word_1_284' title='bbox 1856 3162 1923 3239; x_wconf 91' lang='lat' dir='ltr'><strong>ipao</strong></span> <span class='ocrx_word' id='word_1_285' title='bbox 1939 3170 2006 3223; x_wconf 85' lang='lat' dir='ltr'><strong>ortu</strong></span> <span class='ocrx_word' id='word_1_286' title='bbox 2021 3161 2066 3223; x_wconf 82' lang='lat' dir='ltr'><strong>dc·</strong></span> 
     </span>
     <span class='ocr_line' id='line_1_28' title="bbox 715 3246 2065 3326; baseline 0.001 -21"><span class='ocrx_word' id='word_1_287' title='bbox 715 3246 817 3322; x_wconf 82' lang='lat' dir='ltr'><strong>tluant,</strong></span> <span class='ocrx_word' id='word_1_288' title='bbox 840 3250 937 3325; x_wconf 87' lang='lat' dir='ltr'><strong>pauci,</strong></span> <span class='ocrx_word' id='word_1_289' title='bbox 959 3264 1035 3323; x_wconf 85' lang='lat' dir='ltr'><strong>quoa</strong></span> <span class='ocrx_word' id='word_1_290' title='bbox 1048 3248 1177 3308; x_wconf 83' lang='lat' dir='ltr'><strong>mulcent</strong></span> <span class='ocrx_word' id='word_1_291' title='bbox 1192 3263 1292 3322; x_wconf 89' lang='lat' dir='ltr'><strong>aurae,</strong></span> <span class='ocrx_word' id='word_1_292' title='bbox 1315 3247 1412 3308; x_wconf 84' lang='lat' dir='ltr'><strong>firmat</strong></span> <span class='ocrx_word' id='word_1_293' title='bbox 1426 3246 1486 3320; x_wconf 85' lang='lat' dir='ltr'><strong>Sol,</strong></span> <span class='ocrx_word' id='word_1_294' title='bbox 1503 3247 1609 3307; x_wconf 90' lang='lat' dir='ltr'><strong>educat</strong></span> <span class='ocrx_word' id='word_1_295' title='bbox 1623 3248 1723 3322; x_wconf 90' lang='lat' dir='ltr'><strong>imber,</strong></span> <span class='ocrx_word' id='word_1_296' title='bbox 1747 3250 1776 3305; x_wconf 92' lang='lat' dir='ltr'><strong>in</strong></span> <span class='ocrx_word' id='word_1_297' title='bbox 1790 3265 1913 3326; x_wconf 92' lang='lat' dir='ltr'><strong>pomum</strong></span> <span class='ocrx_word' id='word_1_298' title='bbox 1928 3249 2065 3313; x_wconf 85' lang='lat' dir='ltr'><strong>desinant.</strong></span> 
     </span>
    </p>
   </div>
   <div class='ocr_carea' id='block_1_3' title="bbox 1135 3383 1646 3467">
    <p class='ocr_par' dir='ltr' id='par_1_5' title="bbox 1135 3383 1646 3467">
     <span class='ocr_line' id='line_1_29' title="bbox 1135 3383 1646 3467; baseline -0.014 -14"><span class='ocrx_word' id='word_1_299' title='bbox 1135 3388 1176 3453; x_wconf 83' lang='lat' dir='ltr'><strong>tt</strong></span> <span class='ocrx_word' id='word_1_300' title='bbox 1199 3385 1261 3451; x_wconf 79' lang='lat' dir='ltr'><strong>llb-</strong></span> <span class='ocrx_word' id='word_1_301' title='bbox 1283 3385 1316 3451; x_wconf 88' lang='lat' dir='ltr'><strong>ll·</strong></span> <span class='ocrx_word' id='word_1_302' title='bbox 1340 3385 1412 3467; x_wconf 69' lang='lat' dir='ltr'><strong>Cep·</strong></span> <span class='ocrx_word' id='word_1_303' title='bbox 1436 3385 1480 3450; x_wconf 74' lang='lat' dir='ltr'><strong>lb.</strong></span> <span class='ocrx_word' id='word_1_304' title='bbox 1503 3383 1557 3451; x_wconf 86' lang='lat' dir='ltr'><strong>lul·</strong></span> <span class='ocrx_word' id='word_1_305' title='bbox 1580 3385 1646 3451; x_wconf 72' lang='lat'><strong>⁵212.</strong></span> 
     </span>
    </p>
   </div>
   <div class='ocr_carea' id='block_1_4' title="bbox 687 3506 2112 5335">
    <p class='ocr_par' dir='ltr' id='par_1_6' title="bbox 713 3506 2068 4372">
     <span class='ocr_line' id='line_1_30' title="bbox 821 3506 2065 3586; baseline 0 -18"><span class='ocrx_word' id='word_1_306' title='bbox 821 3515 847 3568; x_wconf 90' lang='lat' dir='ltr'><strong>l.</strong></span> <span class='ocrx_word' id='word_1_307' title='bbox 886 3511 1107 3586; x_wconf 84' lang='lat' dir='ltr'><strong>Disputntoreut</strong></span> <span class='ocrx_word' id='word_1_308' title='bbox 1145 3528 1177 3568; x_wconf 89' lang='lat' dir='ltr'><strong>se</strong></span> <span class='ocrx_word' id='word_1_309' title='bbox 1209 3510 1292 3567; x_wconf 90' lang='lat' dir='ltr'><strong>initio</strong></span> <span class='ocrx_word' id='word_1_310' title='bbox 1321 3509 1469 3584; x_wconf 80' lang='lat' dir='ltr'><strong>protessus</strong></span> <span class='ocrx_word' id='word_1_311' title='bbox 1493 3508 1725 3579; x_wconf 85' lang='lat' dir='ltr'><strong>Claramontins,</strong></span> <span class='ocrx_word' id='word_1_312' title='bbox 1754 3506 1822 3568; x_wconf 91' lang='lat' dir='ltr'><strong>iude</strong></span> <span class='ocrx_word' id='word_1_313' title='bbox 1850 3507 1998 3584; x_wconf 82' lang='lat' dir='ltr'><strong>paulatim</strong></span> <span class='ocrx_word' id='word_1_314' title='bbox 2025 3512 2065 3568; x_wconf 89' lang='lat' dir='ltr'><strong>in·</strong></span> 
     </span>
     <span class='ocr_line' id='line_1_31' title="bbox 716 3595 2064 3675; baseline -0.001 -18"><span class='ocrx_word' id='word_1_315' title='bbox 716 3614 822 3657; x_wconf 90' lang='lat' dir='ltr'><strong>cenaus</strong></span> <span class='ocrx_word' id='word_1_316' title='bbox 869 3597 995 3672; x_wconf 87' lang='lat' dir='ltr'><strong>deniqne</strong></span> <span class='ocrx_word' id='word_1_317' title='bbox 1031 3601 1059 3654; x_wconf 92' lang='lat' dir='ltr'><strong>iu</strong></span> <span class='ocrx_word' id='word_1_318' title='bbox 1092 3608 1231 3675; x_wconf 86' lang='lat' dir='ltr'><strong>apertum</strong></span> <span class='ocrx_word' id='word_1_319' title='bbox 1265 3595 1378 3665; x_wconf 72' lang='lat' dir='ltr'><strong>bostem</strong></span> <span class='ocrx_word' id='word_1_320' title='bbox 1422 3597 1543 3659; x_wconf 83' lang='lat' dir='ltr'><strong>transit.</strong></span> <span class='ocrx_word' id='word_1_321' title='bbox 1575 3613 1628 3654; x_wconf 91' lang='lat' dir='ltr'><strong>nec</strong></span> <span class='ocrx_word' id='word_1_322' title='bbox 1659 3595 1720 3654; x_wconf 90' lang='lat' dir='ltr'><strong>ulla</strong></span> <span class='ocrx_word' id='word_1_323' title='bbox 1749 3596 1952 3657; x_wconf 85' lang='lat' dir='ltr'><strong>circumitione</strong></span> <span class='ocrx_word' id='word_1_324' title='bbox 1974 3598 2064 3657; x_wconf 84' lang='lat' dir='ltr'><strong>utitur.</strong></span> 
     </span>
     <span class='ocr_line' id='line_1_32' title="bbox 716 3682 2066 3762; baseline -0.001 -19"><span class='ocrx_word' id='word_1_325' title='bbox 716 3684 844 3744; x_wconf 87' lang='lat' dir='ltr'><strong>Puerilin</strong></span> <span class='ocrx_word' id='word_1_326' title='bbox 868 3685 1009 3745; x_wconf 86' lang='lat' dir='ltr'><strong>hactenus</strong></span> <span class='ocrx_word' id='word_1_327' title='bbox 1032 3694 1113 3743; x_wconf 87' lang='lat' dir='ltr'><strong>erant</strong></span> <span class='ocrx_word' id='word_1_328' title='bbox 1141 3684 1247 3762; x_wconf 89' lang='lat' dir='ltr'><strong>probra</strong></span> <span class='ocrx_word' id='word_1_329' title='bbox 1270 3686 1343 3753; x_wconf 82' lang='lat' dir='ltr'><strong>ista,</strong></span> <span class='ocrx_word' id='word_1_330' title='bbox 1376 3684 1503 3741; x_wconf 83' lang='lat' dir='ltr'><strong>rationes</strong></span> <span class='ocrx_word' id='word_1_331' title='bbox 1534 3683 1638 3755; x_wconf 76' lang='lat' dir='ltr'><strong>taleae,</strong></span> <span class='ocrx_word' id='word_1_332' title='bbox 1667 3682 1847 3756; x_wconf 83' lang='lat' dir='ltr'><strong>inefficaces,</strong></span> <span class='ocrx_word' id='word_1_333' title='bbox 1885 3698 1946 3743; x_wconf 92' lang='lat' dir='ltr'><strong>non</strong></span> <span class='ocrx_word' id='word_1_334' title='bbox 1977 3686 2066 3746; x_wconf 81' lang='lat' dir='ltr'><strong>canat·</strong></span> 
     </span>
     <span class='ocr_line' id='line_1_33' title="bbox 714 3770 2066 3848; baseline 0.002 -18"><span class='ocrx_word' id='word_1_335' title='bbox 714 3782 835 3834; x_wconf 85' lang='lat' dir='ltr'><strong>etentes.</strong></span> <span class='ocrx_word' id='word_1_336' title='bbox 882 3772 1007 3832; x_wconf 90' lang='lat' dir='ltr'><strong>Pandite</strong></span> <span class='ocrx_word' id='word_1_337' title='bbox 1030 3789 1106 3830; x_wconf 86' lang='lat' dir='ltr'><strong>nurrc</strong></span> <span class='ocrx_word' id='word_1_338' title='bbox 1135 3770 1280 3830; x_wconf 89' lang='lat' dir='ltr'><strong>Helicona</strong></span> <span class='ocrx_word' id='word_1_339' title='bbox 1301 3770 1393 3847; x_wconf 87' lang='lat' dir='ltr'><strong>paulo</strong></span> <span class='ocrx_word' id='word_1_340' title='bbox 1418 3771 1530 3844; x_wconf 90' lang='lat' dir='ltr'><strong>majora</strong></span> <span class='ocrx_word' id='word_1_341' title='bbox 1553 3773 1678 3829; x_wconf 78' lang='lat' dir='ltr'><strong>cernenti.</strong></span> <span class='ocrx_word' id='word_1_342' title='bbox 1706 3770 1808 3848; x_wconf 75' lang='lat' dir='ltr'><strong>Tycbo</strong></span> <span class='ocrx_word' id='word_1_343' title='bbox 1833 3772 1863 3828; x_wconf 91' lang='lat' dir='ltr'><strong>in</strong></span> <span class='ocrx_word' id='word_1_344' title='bbox 1886 3771 2066 3833; x_wconf 61' lang='lat' dir='ltr'><strong>meando</strong></span> 
     </span>
     <span class='ocr_line' id='line_1_34' title="bbox 713 3857 2066 3937; baseline 0.001 -19"><span class='ocrx_word' id='word_1_345' title='bbox 713 3862 852 3937; x_wconf 78' lang='lat' dir='ltr'><strong>dilipens,</strong></span> <span class='ocrx_word' id='word_1_346' title='bbox 878 3864 1009 3925; x_wconf 82' lang='lat' dir='ltr'><strong>iactator</strong></span> <span class='ocrx_word' id='word_1_347' title='bbox 1024 3859 1136 3917; x_wconf 81' lang='lat' dir='ltr'><strong>dubiae</strong></span> <span class='ocrx_word' id='word_1_348' title='bbox 1159 3861 1301 3931; x_wconf 73' lang='lat' dir='ltr'><strong>ueritatis,</strong></span> <span class='ocrx_word' id='word_1_349' title='bbox 1325 3858 1354 3914; x_wconf 87' lang='lat' dir='ltr'><strong>id</strong></span> <span class='ocrx_word' id='word_1_350' title='bbox 1376 3866 1421 3915; x_wconf 77' lang='lat' dir='ltr'><strong>cst</strong></span> <span class='ocrx_word' id='word_1_351' title='bbox 1443 3857 1523 3915; x_wconf 82' lang='lat' dir='ltr'><strong>nulla</strong></span> <span class='ocrx_word' id='word_1_352' title='bbox 1547 3857 1611 3917; x_wconf 83' lang='lat' dir='ltr'><strong>tide.</strong></span> <span class='ocrx_word' id='word_1_353' title='bbox 1636 3859 1770 3917; x_wconf 89' lang='lat' dir='ltr'><strong>nimirum</strong></span> <span class='ocrx_word' id='word_1_354' title='bbox 1796 3859 1915 3917; x_wconf 91' lang='lat' dir='ltr'><strong>omnino</strong></span> <span class='ocrx_word' id='word_1_355' title='bbox 1939 3858 2066 3929; x_wconf 75' lang='lat' dir='ltr'><strong>mendax,</strong></span> 
     </span>
     <span class='ocr_line' id='line_1_35' title="bbox 717 3945 2067 4023; baseline 0.001 -18"><span class='ocrx_word' id='word_1_356' title='bbox 717 3947 791 4007; x_wconf 86' lang='lat' dir='ltr'><strong>adeo</strong></span> <span class='ocrx_word' id='word_1_357' title='bbox 816 3958 847 4007; x_wconf 90' lang='lat' dir='ltr'><strong>ut</strong></span> <span class='ocrx_word' id='word_1_358' title='bbox 871 3951 941 4023; x_wconf 89' lang='lat' dir='ltr'><strong>quia</strong></span> <span class='ocrx_word' id='word_1_359' title='bbox 962 3947 1053 4006; x_wconf 80' lang='lat' dir='ltr'><strong>semel</strong></span> <span class='ocrx_word' id='word_1_360' title='bbox 1075 3948 1192 4021; x_wconf 84' lang='lat' dir='ltr'><strong>malus,</strong></span> <span class='ocrx_word' id='word_1_361' title='bbox 1224 3964 1341 4020; x_wconf 82' lang='lat' dir='ltr'><strong>semper</strong></span> <span class='ocrx_word' id='word_1_362' title='bbox 1361 3945 1603 4021; x_wconf 76' lang='lat' dir='ltr'><strong>praesummdua</strong></span> <span class='ocrx_word' id='word_1_363' title='bbox 1632 3949 1669 4004; x_wconf 86' lang='lat' dir='ltr'><strong>ait</strong></span> <span class='ocrx_word' id='word_1_364' title='bbox 1696 3947 1798 4003; x_wconf 75' lang='lat' dir='ltr'><strong>motae</strong></span> <span class='ocrx_word' id='word_1_365' title='bbox 1828 3948 1906 4005; x_wconf 88' lang='lat' dir='ltr'><strong>cirea</strong></span> <span class='ocrx_word' id='word_1_366' title='bbox 1931 3948 2067 4008; x_wconf 77' lang='lat' dir='ltr'><strong>observa·</strong></span> 
     </span>
     <span class='ocr_line' id='line_1_36' title="bbox 715 4032 2066 4110; baseline 0.002 -20"><span class='ocrx_word' id='word_1_367' title='bbox 715 4038 816 4093; x_wconf 84' lang='lat' dir='ltr'><strong>tiones.</strong></span> <span class='ocrx_word' id='word_1_368' title='bbox 850 4035 992 4093; x_wconf 86' lang='lat' dir='ltr'><strong>Nimirum</strong></span> <span class='ocrx_word' id='word_1_369' title='bbox 1015 4035 1237 4094; x_wconf 65' lang='lat' dir='ltr'><strong>alternationes</strong></span> <span class='ocrx_word' id='word_1_370' title='bbox 1259 4034 1499 4092; x_wconf 75' lang='lat' dir='ltr'><strong>comminiscitur</strong></span> <span class='ocrx_word' id='word_1_371' title='bbox 1521 4034 1564 4090; x_wconf 90' lang='lat' dir='ltr'><strong>ad</strong></span> <span class='ocrx_word' id='word_1_372' title='bbox 1585 4034 1746 4092; x_wconf 83' lang='lat' dir='ltr'><strong>utilitatem</strong></span> <span class='ocrx_word' id='word_1_373' title='bbox 1770 4040 1799 4091; x_wconf 86' lang='lat' dir='ltr'><strong>et</strong></span> <span class='ocrx_word' id='word_1_374' title='bbox 1812 4032 1958 4110; x_wconf 71' lang='lat' dir='ltr'><strong>affectum</strong></span> <span class='ocrx_word' id='word_1_375' title='bbox 1972 4052 2066 4108; x_wconf 72' lang='lat' dir='ltr'><strong>marn,</strong></span> 
     </span>
     <span class='ocr_line' id='line_1_37' title="bbox 714 4120 2067 4195; baseline 0.003 -18"><span class='ocrx_word' id='word_1_376' title='bbox 714 4124 811 4180; x_wconf 88' lang='lat' dir='ltr'><strong>nimia</strong></span> <span class='ocrx_word' id='word_1_377' title='bbox 834 4124 944 4181; x_wconf 88' lang='lat' dir='ltr'><strong>scilicet</strong></span> <span class='ocrx_word' id='word_1_378' title='bbox 967 4142 1072 4181; x_wconf 76' lang='lat' dir='ltr'><strong>artiore</strong></span> <span class='ocrx_word' id='word_1_379' title='bbox 1093 4140 1223 4180; x_wconf 83' lang='lat' dir='ltr'><strong>sauram</strong></span> <span class='ocrx_word' id='word_1_380' title='bbox 1242 4123 1431 4195; x_wconf 79' lang='lat' dir='ltr'><strong>positionum</strong></span> <span class='ocrx_word' id='word_1_381' title='bbox 1447 4128 1475 4176; x_wconf 82' lang='lat' dir='ltr'><strong>et</strong></span> <span class='ocrx_word' id='word_1_382' title='bbox 1489 4120 1590 4180; x_wconf 84' lang='lat' dir='ltr'><strong>studia</strong></span> <span class='ocrx_word' id='word_1_383' title='bbox 1605 4124 1697 4178; x_wconf 83' lang='lat' dir='ltr'><strong>nimia</strong></span> <span class='ocrx_word' id='word_1_384' title='bbox 1711 4122 1778 4179; x_wconf 84' lang='lat' dir='ltr'><strong>acri</strong></span> <span class='ocrx_word' id='word_1_385' title='bbox 1793 4128 1955 4195; x_wconf 77' lang='lat' dir='ltr'><strong>conceptae</strong></span> <span class='ocrx_word' id='word_1_386' title='bbox 1969 4126 2067 4181; x_wconf 76' lang='lat' dir='ltr'><strong>maiam</strong></span> 
     </span>
     <span class='ocr_line' id='line_1_38' title="bbox 713 4209 2068 4285; baseline 0.005 -21"><span class='ocrx_word' id='word_1_387' title='bbox 713 4212 885 4271; x_wconf 72' lang='lat' dir='ltr'><strong>snrtmttiac.</strong></span> <span class='ocrx_word' id='word_1_388' title='bbox 909 4218 1037 4269; x_wconf 75' lang='lat' dir='ltr'><strong>correctae</strong></span> <span class='ocrx_word' id='word_1_389' title='bbox 1059 4209 1191 4268; x_wconf 81' lang='lat' dir='ltr'><strong>coelestes</strong></span> <span class='ocrx_word' id='word_1_390' title='bbox 1213 4226 1280 4281; x_wconf 76' lang='lat' dir='ltr'><strong>csse,</strong></span> <span class='ocrx_word' id='word_1_391' title='bbox 1303 4209 1360 4267; x_wconf 90' lang='lat' dir='ltr'><strong>ruit</strong></span> <span class='ocrx_word' id='word_1_392' title='bbox 1382 4224 1488 4266; x_wconf 87' lang='lat' dir='ltr'><strong>caecus</strong></span> <span class='ocrx_word' id='word_1_393' title='bbox 1512 4211 1737 4268; x_wconf 81' lang='lat' dir='ltr'><strong>comminiscens</strong></span> <span class='ocrx_word' id='word_1_394' title='bbox 1759 4210 1876 4285; x_wconf 88' lang='lat' dir='ltr'><strong>omnia,</strong></span> <span class='ocrx_word' id='word_1_395' title='bbox 1898 4211 2068 4270; x_wconf 72' lang='lat' dir='ltr'><strong>mannaan·</strong></span> 
     </span>
     <span class='ocr_line' id='line_1_39' title="bbox 714 4301 1165 4372; baseline 0.004 -19"><span class='ocrx_word' id='word_1_396' title='bbox 714 4302 764 4367; x_wconf 83' lang='lat' dir='ltr'><strong>cst,</strong></span> <span class='ocrx_word' id='word_1_397' title='bbox 788 4314 873 4355; x_wconf 82' lang='lat' dir='ltr'><strong>rturrc</strong></span> <span class='ocrx_word' id='word_1_398' title='bbox 895 4301 948 4365; x_wconf 87' lang='lat' dir='ltr'><strong>ait,</strong></span> <span class='ocrx_word' id='word_1_399' title='bbox 972 4313 1043 4355; x_wconf 75' lang='lat' dir='ltr'><strong>mor</strong></span> <span class='ocrx_word' id='word_1_400' title='bbox 1066 4304 1165 4372; x_wconf 75' lang='lat' dir='ltr'><strong>rrepat.</strong></span> 
     </span>
    </p>

    <p class='ocr_par' dir='ltr' id='par_1_7' title="bbox 715 4381 2068 4721">
     <span class='ocr_line' id='line_1_40' title="bbox 819 4381 2067 4461; baseline 0.002 -20"><span class='ocrx_word' id='word_1_401' title='bbox 819 4387 848 4442; x_wconf 69' lang='grc'><strong>’3.</strong></span> <span class='ocrx_word' id='word_1_402' title='bbox 888 4384 936 4441; x_wconf 84' lang='grc' dir='ltr'><strong>1)ἰί</strong></span> <span class='ocrx_word' id='word_1_403' title='bbox 968 4386 1021 4442; x_wconf 92' lang='lat' dir='ltr'><strong>tibi</strong></span> <span class='ocrx_word' id='word_1_404' title='bbox 1045 4383 1112 4442; x_wconf 89' lang='lat' dir='ltr'><strong>dent</strong></span> <span class='ocrx_word' id='word_1_405' title='bbox 1137 4384 1252 4461; x_wconf 78' lang='lat' dir='ltr'><strong>Scipio,</strong></span> <span class='ocrx_word' id='word_1_406' title='bbox 1284 4381 1424 4458; x_wconf 86' lang='lat' dir='ltr'><strong>quicquid</strong></span> <span class='ocrx_word' id='word_1_407' title='bbox 1453 4381 1548 4440; x_wconf 85' lang='lat' dir='ltr'><strong>solida</strong></span> <span class='ocrx_word' id='word_1_408' title='bbox 1576 4384 1684 4441; x_wconf 88' lang='lat' dir='ltr'><strong>rirtute</strong></span> <span class='ocrx_word' id='word_1_409' title='bbox 1713 4383 1851 4454; x_wconf 84' lang='lat' dir='ltr'><strong>mereris,</strong></span> <span class='ocrx_word' id='word_1_410' title='bbox 1882 4385 1927 4442; x_wconf 84' lang='lat' dir='ltr'><strong>uti</strong></span> <span class='ocrx_word' id='word_1_411' title='bbox 1949 4392 2011 4444; x_wconf 85' lang='lat' dir='ltr'><strong>tnta</strong></span> <span class='ocrx_word' id='word_1_412' title='bbox 2041 4394 2067 4443; x_wconf 88' lang='lat' dir='ltr'><strong>tc</strong></span> 
     </span>
     <span class='ocr_line' id='line_1_41' title="bbox 715 4468 2068 4551; baseline 0.002 -25"><span class='ocrx_word' id='word_1_413' title='bbox 715 4471 809 4545; x_wconf 86' lang='lat' dir='ltr'><strong>ipsum</strong></span> <span class='ocrx_word' id='word_1_414' title='bbox 839 4473 868 4527; x_wconf 95' lang='lat' dir='ltr'><strong>in</strong></span> <span class='ocrx_word' id='word_1_415' title='bbox 898 4471 953 4530; x_wconf 88' lang='lat' dir='ltr'><strong>buc</strong></span> <span class='ocrx_word' id='word_1_416' title='bbox 976 4470 1110 4549; x_wconf 64' lang='lat' dir='ltr'><strong>Treboni</strong></span> <span class='ocrx_word' id='word_1_417' title='bbox 1142 4472 1252 4530; x_wconf 84' lang='lat' dir='ltr'><strong>tributa</strong></span> <span class='ocrx_word' id='word_1_418' title='bbox 1283 4486 1410 4547; x_wconf 87' lang='lat' dir='ltr'><strong>persona</strong></span> <span class='ocrx_word' id='word_1_419' title='bbox 1445 4471 1520 4527; x_wconf 81' lang='lat' dir='ltr'><strong>rivis</strong></span> <span class='ocrx_word' id='word_1_420' title='bbox 1552 4468 1708 4545; x_wconf 80' lang='lat' dir='ltr'><strong>depinxisti</strong></span> <span class='ocrx_word' id='word_1_421' title='bbox 1736 4468 1899 4543; x_wconf 87' lang='lat' dir='ltr'><strong>coloribus,</strong></span> <span class='ocrx_word' id='word_1_422' title='bbox 1934 4487 1989 4533; x_wconf 91' lang='lat' dir='ltr'><strong>nee</strong></span> <span class='ocrx_word' id='word_1_423' title='bbox 2016 4486 2068 4551; x_wconf 93' lang='lat' dir='ltr'><strong>po-</strong></span> 
     </span>
     <span class='ocr_line' id='line_1_42' title="bbox 715 4556 2068 4636; baseline 0.004 -23"><span class='ocrx_word' id='word_1_424' title='bbox 715 4558 820 4617; x_wconf 79' lang='lat' dir='ltr'><strong>tuisset</strong></span> <span class='ocrx_word' id='word_1_425' title='bbox 844 4557 964 4636; x_wconf 78' lang='lat' dir='ltr'><strong>Apelles</strong></span> <span class='ocrx_word' id='word_1_426' title='bbox 987 4559 1109 4619; x_wconf 78' lang='lat' dir='ltr'><strong>melius.</strong></span> <span class='ocrx_word' id='word_1_427' title='bbox 1145 4576 1199 4619; x_wconf 90' lang='lat' dir='ltr'><strong>nec</strong></span> <span class='ocrx_word' id='word_1_428' title='bbox 1228 4570 1307 4617; x_wconf 87' lang='lat' dir='ltr'><strong>totus</strong></span> <span class='ocrx_word' id='word_1_429' title='bbox 1341 4557 1473 4631; x_wconf 85' lang='lat' dir='ltr'><strong>reliquus</strong></span> <span class='ocrx_word' id='word_1_430' title='bbox 1501 4556 1575 4615; x_wconf 88' lang='lat' dir='ltr'><strong>liber</strong></span> <span class='ocrx_word' id='word_1_431' title='bbox 1603 4566 1687 4621; x_wconf 81' lang='lat' dir='ltr'><strong>tuus,</strong></span> <span class='ocrx_word' id='word_1_432' title='bbox 1723 4558 1857 4632; x_wconf 81' lang='lat' dir='ltr'><strong>quumvis</strong></span> <span class='ocrx_word' id='word_1_433' title='bbox 1881 4556 2068 4636; x_wconf 83' lang='lat' dir='ltr'><strong>undiquaque</strong></span> 
     </span>
     <span class='ocr_line' id='line_1_43' title="bbox 715 4642 2067 4721; baseline 0.004 -21"><span class='ocrx_word' id='word_1_434' title='bbox 715 4642 819 4719; x_wconf 87' lang='lat' dir='ltr'><strong>plenus</strong></span> <span class='ocrx_word' id='word_1_435' title='bbox 842 4646 930 4721; x_wconf 75' lang='lat' dir='ltr'><strong>liuius</strong></span> <span class='ocrx_word' id='word_1_436' title='bbox 953 4650 996 4705; x_wconf 92' lang='lat' dir='ltr'><strong>tui</strong></span> <span class='ocrx_word' id='word_1_437' title='bbox 1019 4649 1138 4721; x_wconf 85' lang='lat' dir='ltr'><strong>ingenii.</strong></span> <span class='ocrx_word' id='word_1_438' title='bbox 1186 4646 1314 4721; x_wconf 76' lang='lat' dir='ltr'><strong>Dignum</strong></span> <span class='ocrx_word' id='word_1_439' title='bbox 1337 4651 1382 4704; x_wconf 86' lang='lat' dir='ltr'><strong>est</strong></span> <span class='ocrx_word' id='word_1_440' title='bbox 1405 4642 1512 4704; x_wconf 84' lang='lat' dir='ltr'><strong>Hercle</strong></span> <span class='ocrx_word' id='word_1_441' title='bbox 1537 4654 1623 4720; x_wconf 89' lang='lat' dir='ltr'><strong>caput</strong></span> <span class='ocrx_word' id='word_1_442' title='bbox 1654 4643 1725 4716; x_wconf 88' lang='lat' dir='ltr'><strong>hoc,</strong></span> <span class='ocrx_word' id='word_1_443' title='bbox 1757 4642 1835 4719; x_wconf 84' lang='lat' dir='ltr'><strong>quod</strong></span> <span class='ocrx_word' id='word_1_444' title='bbox 1866 4660 1926 4703; x_wconf 89' lang='lat' dir='ltr'><strong>non</strong></span> <span class='ocrx_word' id='word_1_445' title='bbox 1958 4644 2067 4707; x_wconf 63' lang='lat' dir='ltr'><strong>alama</strong></span> 
     </span>
    </p>

    <p class='ocr_par' dir='ltr' id='par_1_8' title="bbox 687 4724 2112 5335">
     <span class='ocr_line' id='line_1_44' title="bbox 687 4724 2066 4806; baseline 0.004 -19"><span class='ocrx_word' id='word_1_446' title='bbox 687 4724 691 4731; x_wconf 81' lang='grc'><strong>“</strong></span> <span class='ocrx_word' id='word_1_447' title='bbox 714 4731 925 4797; x_wconf 84' lang='lat' dir='ltr'><strong>mathematici.</strong></span> <span class='ocrx_word' id='word_1_448' title='bbox 945 4733 997 4791; x_wconf 84' lang='lat' dir='ltr'><strong>sed</strong></span> <span class='ocrx_word' id='word_1_449' title='bbox 1014 4732 1113 4791; x_wconf 89' lang='lat' dir='ltr'><strong>duello</strong></span> <span class='ocrx_word' id='word_1_450' title='bbox 1128 4733 1268 4791; x_wconf 76' lang='lat' dir='ltr'><strong>refutetur</strong></span> <span class='ocrx_word' id='word_1_451' title='bbox 1283 4748 1363 4790; x_wconf 91' lang='lat' dir='ltr'><strong>more</strong></span> <span class='ocrx_word' id='word_1_452' title='bbox 1379 4734 1471 4790; x_wconf 86' lang='lat' dir='ltr'><strong>veteri</strong></span> <span class='ocrx_word' id='word_1_453' title='bbox 1486 4729 1670 4790; x_wconf 87' lang='lat' dir='ltr'><strong>Germanico.</strong></span> <span class='ocrx_word' id='word_1_454' title='bbox 1695 4729 1781 4805; x_wconf 90' lang='lat' dir='ltr'><strong>Quod</strong></span> <span class='ocrx_word' id='word_1_455' title='bbox 1797 4729 1918 4806; x_wconf 87' lang='lat' dir='ltr'><strong>qnidam</strong></span> <span class='ocrx_word' id='word_1_456' title='bbox 1933 4731 2066 4804; x_wconf 82' lang='lat' dir='ltr'><strong>duellam,</strong></span> 
     </span>
     <span class='ocr_line' id='line_1_45' title="bbox 719 4817 2066 4897; baseline 0.004 -22"><span class='ocrx_word' id='word_1_457' title='bbox 719 4820 744 4875; x_wconf 89' lang='lat' dir='ltr'><strong>si</strong></span> <span class='ocrx_word' id='word_1_458' title='bbox 767 4819 830 4892; x_wconf 81' lang='lat' dir='ltr'><strong>ejus</strong></span> <span class='ocrx_word' id='word_1_459' title='bbox 862 4822 915 4879; x_wconf 87' lang='lat' dir='ltr'><strong>tibi</strong></span> <span class='ocrx_word' id='word_1_460' title='bbox 947 4824 1032 4897; x_wconf 86' lang='lat' dir='ltr'><strong>copia</strong></span> <span class='ocrx_word' id='word_1_461' title='bbox 1064 4821 1111 4879; x_wconf 76' lang='lat' dir='ltr'><strong>ecl</strong></span> <span class='ocrx_word' id='word_1_462' title='bbox 1141 4820 1289 4879; x_wconf 86' lang='lat' dir='ltr'><strong>aBrabci</strong></span> <span class='ocrx_word' id='word_1_463' title='bbox 1311 4818 1437 4878; x_wconf 85' lang='lat' dir='ltr'><strong>filiorum</strong></span> <span class='ocrx_word' id='word_1_464' title='bbox 1461 4836 1519 4879; x_wconf 93' lang='lat' dir='ltr'><strong>uno</strong></span> <span class='ocrx_word' id='word_1_465' title='bbox 1544 4819 1590 4878; x_wconf 84' lang='lat' dir='ltr'><strong>vel</strong></span> <span class='ocrx_word' id='word_1_466' title='bbox 1620 4834 1837 4895; x_wconf 76' lang='lat' dir='ltr'><strong>aquosusque</strong></span> <span class='ocrx_word' id='word_1_467' title='bbox 1859 4817 1962 4880; x_wconf 81' lang='lat' dir='ltr'><strong>Nobili</strong></span> <span class='ocrx_word' id='word_1_468' title='bbox 1985 4820 2066 4882; x_wconf 82' lang='lat' dir='ltr'><strong>Danu</strong></span> 
     </span>
     <span class='ocr_line' id='line_1_46' title="bbox 716 4903 2112 4985; baseline 0.007 -24"><span class='ocrx_word' id='word_1_469' title='bbox 716 4903 764 4963; x_wconf 82' lang='lat' dir='ltr'><strong>rel</strong></span> <span class='ocrx_word' id='word_1_470' title='bbox 788 4904 934 4965; x_wconf 71' lang='lat' dir='ltr'><strong>Gornrsruo</strong></span> <span class='ocrx_word' id='word_1_471' title='bbox 957 4926 1046 4985; x_wconf 86' lang='lat' dir='ltr'><strong>super</strong></span> <span class='ocrx_word' id='word_1_472' title='bbox 1068 4905 1226 4967; x_wconf 86' lang='lat' dir='ltr'><strong>asserendo</strong></span> <span class='ocrx_word' id='word_1_473' title='bbox 1241 4906 1391 4984; x_wconf 75' lang='lat' dir='ltr'><strong>&#39;lyebonia</strong></span> <span class='ocrx_word' id='word_1_474' title='bbox 1413 4908 1504 4966; x_wconf 85' lang='lat' dir='ltr'><strong>nostri</strong></span> <span class='ocrx_word' id='word_1_475' title='bbox 1528 4907 1637 4967; x_wconf 89' lang='lat' dir='ltr'><strong>bonore</strong></span> <span class='ocrx_word' id='word_1_476' title='bbox 1659 4906 1805 4979; x_wconf 77' lang='lat' dir='ltr'><strong>offeratur,</strong></span> <span class='ocrx_word' id='word_1_477' title='bbox 1828 4906 1984 4984; x_wconf 87' lang='lat' dir='ltr'><strong>repudiare</strong></span> <span class='ocrx_word' id='word_1_478' title='bbox 1999 4924 2112 4970; x_wconf 64' lang='lat' dir='ltr'><strong>eon-⁴</strong></span> 
     </span>
     <span class='ocr_line' id='line_1_47' title="bbox 717 4991 2112 5072; baseline 0.006 -23"><span class='ocrx_word' id='word_1_479' title='bbox 717 4991 857 5051; x_wconf 87' lang='lat' dir='ltr'><strong>ditionem</strong></span> <span class='ocrx_word' id='word_1_480' title='bbox 881 5011 938 5053; x_wconf 91' lang='lat' dir='ltr'><strong>non</strong></span> <span class='ocrx_word' id='word_1_481' title='bbox 961 5002 1034 5071; x_wconf 69' lang='lat' dir='ltr'><strong>puto</strong></span> <span class='ocrx_word' id='word_1_482' title='bbox 1056 4996 1183 5071; x_wconf 86' lang='lat' dir='ltr'><strong>poteris,</strong></span> <span class='ocrx_word' id='word_1_483' title='bbox 1212 5012 1276 5053; x_wconf 90' lang='lat' dir='ltr'><strong>cum</strong></span> <span class='ocrx_word' id='word_1_484' title='bbox 1298 4996 1445 5070; x_wconf 81' lang='lat' dir='ltr'><strong>geminam</strong></span> <span class='ocrx_word' id='word_1_485' title='bbox 1469 5011 1623 5072; x_wconf 86' lang='lat' dir='ltr'><strong>personam</strong></span> <span class='ocrx_word' id='word_1_486' title='bbox 1646 5010 1748 5069; x_wconf 77' lang='lat' dir='ltr'><strong>geras,</strong></span> <span class='ocrx_word' id='word_1_487' title='bbox 1772 5009 1831 5053; x_wconf 91' lang='lat' dir='ltr'><strong>nan</strong></span> <span class='ocrx_word' id='word_1_488' title='bbox 1862 5001 1977 5056; x_wconf 87' lang='lat' dir='ltr'><strong>tantum</strong></span> <span class='ocrx_word' id='word_1_489' title='bbox 2000 4996 2112 5057; x_wconf 51' lang='lat' dir='ltr'><strong>dae*</strong></span> 
     </span>
     <span class='ocr_line' id='line_1_48' title="bbox 717 5080 2112 5163; baseline 0.005 -27"><span class='ocrx_word' id='word_1_490' title='bbox 717 5082 798 5152; x_wconf 82' lang='lat' dir='ltr'><strong>toris,</strong></span> <span class='ocrx_word' id='word_1_491' title='bbox 822 5080 875 5138; x_wconf 90' lang='lat' dir='ltr'><strong>sed</strong></span> <span class='ocrx_word' id='word_1_492' title='bbox 894 5083 1014 5157; x_wconf 82' lang='lat' dir='ltr'><strong>equitis,</strong></span> <span class='ocrx_word' id='word_1_493' title='bbox 1039 5100 1103 5139; x_wconf 88' lang='lat' dir='ltr'><strong>cum</strong></span> <span class='ocrx_word' id='word_1_494' title='bbox 1128 5098 1262 5159; x_wconf 86' lang='lat' dir='ltr'><strong>persona,</strong></span> <span class='ocrx_word' id='word_1_495' title='bbox 1285 5098 1373 5157; x_wconf 85' lang='lat' dir='ltr'><strong>super</strong></span> <span class='ocrx_word' id='word_1_496' title='bbox 1387 5083 1471 5157; x_wconf 82' lang='lat' dir='ltr'><strong>cnjus</strong></span> <span class='ocrx_word' id='word_1_497' title='bbox 1495 5082 1604 5142; x_wconf 89' lang='lat' dir='ltr'><strong>bonore</strong></span> <span class='ocrx_word' id='word_1_498' title='bbox 1620 5083 1854 5155; x_wconf 81' lang='lat' dir='ltr'><strong>controvertitur,</strong></span> <span class='ocrx_word' id='word_1_499' title='bbox 1878 5086 2112 5163; x_wconf 64' lang='lat' dir='ltr'><strong>epraeelpnn</strong></span> 
     </span>
     <span class='ocr_line' id='line_1_49' title="bbox 716 5166 2112 5245; baseline 0.004 -22"><span class='ocrx_word' id='word_1_500' title='bbox 716 5166 869 5225; x_wconf 89' lang='lat' dir='ltr'><strong>nobilitate</strong></span> <span class='ocrx_word' id='word_1_501' title='bbox 893 5168 1007 5226; x_wconf 86' lang='lat' dir='ltr'><strong>Danica</strong></span> <span class='ocrx_word' id='word_1_502' title='bbox 1028 5171 1081 5233; x_wconf 85' lang='lat' dir='ltr'><strong>sit.</strong></span> <span class='ocrx_word' id='word_1_503' title='bbox 1112 5186 1177 5228; x_wconf 90' lang='lat' dir='ltr'><strong>cum</strong></span> <span class='ocrx_word' id='word_1_504' title='bbox 1201 5186 1273 5243; x_wconf 77' lang='lat' dir='ltr'><strong>gena</strong></span> <span class='ocrx_word' id='word_1_505' title='bbox 1295 5171 1360 5245; x_wconf 87' lang='lat' dir='ltr'><strong>ipaa</strong></span> <span class='ocrx_word' id='word_1_506' title='bbox 1384 5169 1563 5229; x_wconf 76' lang='lat' dir='ltr'><strong>ltrabeorum</strong></span> <span class='ocrx_word' id='word_1_507' title='bbox 1587 5169 1710 5229; x_wconf 86' lang='lat' dir='ltr'><strong>Sueciae</strong></span> <span class='ocrx_word' id='word_1_508' title='bbox 1740 5184 1824 5245; x_wconf 76' lang='lat' dir='ltr'><strong>reges</strong></span> <span class='ocrx_word' id='word_1_509' title='bbox 1854 5172 2112 5232; x_wconf 64' lang='lat' dir='ltr'><strong>necenttndmae</strong></span> 
     </span>
     <span class='ocr_line' id='line_1_50' title="bbox 716 5254 2101 5335; baseline 0.007 -24"><span class='ocrx_word' id='word_1_510' title='bbox 716 5256 875 5329; x_wconf 77' lang='lat' dir='ltr'><strong>contingat.</strong></span> <span class='ocrx_word' id='word_1_511' title='bbox 913 5255 950 5313; x_wconf 77' lang='lat' dir='ltr'><strong>At</strong></span> <span class='ocrx_word' id='word_1_512' title='bbox 974 5255 1044 5313; x_wconf 89' lang='lat' dir='ltr'><strong>mibi</strong></span> <span class='ocrx_word' id='word_1_513' title='bbox 1068 5258 1180 5316; x_wconf 85' lang='lat' dir='ltr'><strong>interim</strong></span> <span class='ocrx_word' id='word_1_514' title='bbox 1203 5274 1271 5317; x_wconf 89' lang='lat' dir='ltr'><strong>cum</strong></span> <span class='ocrx_word' id='word_1_515' title='bbox 1293 5254 1413 5316; x_wconf 82' lang='lat' dir='ltr'><strong>doctme</strong></span> <span class='ocrx_word' id='word_1_516' title='bbox 1437 5273 1484 5318; x_wconf 86' lang='lat' dir='ltr'><strong>res</strong></span> <span class='ocrx_word' id='word_1_517' title='bbox 1505 5258 1569 5318; x_wconf 90' lang='lat' dir='ltr'><strong>erit.</strong></span> <span class='ocrx_word' id='word_1_518' title='bbox 1603 5256 1679 5317; x_wconf 81' lang='lat' dir='ltr'><strong>tiam</strong></span> <span class='ocrx_word' id='word_1_519' title='bbox 1701 5272 1777 5331; x_wconf 87' lang='lat' dir='ltr'><strong>qnae</strong></span> <span class='ocrx_word' id='word_1_520' title='bbox 1797 5254 1878 5317; x_wconf 90' lang='lat' dir='ltr'><strong>mala</strong></span> <span class='ocrx_word' id='word_1_521' title='bbox 1901 5260 1993 5320; x_wconf 84' lang='lat' dir='ltr'><strong>rerba</strong></span> <span class='ocrx_word' id='word_1_522' title='bbox 2013 5268 2101 5335; x_wconf 69' lang='grc' dir='ltr'><strong>ορ</strong></span> 
     </span>
    </p>
   </div>
   <div class='ocr_carea' id='block_1_5' title="bbox 0 0 2792 6340">
    <p class='ocr_par' dir='ltr' id='par_1_9' title="bbox 0 0 2792 6340">
     <span class='ocr_line' id='line_1_51' title="bbox 0 0 2792 6340; baseline 0 0"><span class='ocrx_word' id='word_1_523' title='bbox 0 0 2792 6340; x_wconf 95' lang='lat' dir='ltr'><strong> </strong></span> 
     </span>
    </p>
   </div>
  </div>
 </body>
</html>
