5575 6342
1114 789 1275 862 premeris
1292 789 1327 846 ad
1345 804 1446 846 annum
1465 789 1542 848 1025.
1945 802 2009 873 549

652 970 742 1035 probat
762 968 920 1032 liorrecolus,
939 968 1029 1018 deinde
1048 970 1148 1019 disserit
1167 968 1198 1018 ds
1216 970 1400 1019 semidiametro
1414 970 1501 1021 Lunae
1519 975 1544 1019 et
1562 973 1674 1035 umbras,
1692 977 1718 1023 et
1729 975 1815 1026 Lunae
1827 977 1943 1045 Solisque
1961 996 2008 1046 pa-

652 1040 757 1103 rallul,
781 1054 879 1105 semper
902 1046 970 1088 stane
992 1054 1039 1103 pro
1058 1038 1166 1105 lieplero
1185 1044 1273 1088 contra
1291 1041 1471 1104 Lansbergium
1491 1045 1516 1089 et
1532 1040 1709 1103 Hortensium,
1734 1047 1849 1097 minuens
1867 1065 1925 1100 vero
1943 1050 2010 1103 Solis

650 1111 792 1174 paratinis
813 1107 992 1159 horizonttlsm
1011 1123 1026 1158 a
1044 1108 1152 1174 lleplero
1171 1110 1296 1174 proditam
1316 1110 1341 1160 1‘
1358 1113 1384 1159 in
1403 1110 1429 1160 θ’
1449 1110 1500 1163 15”
1518 1110 1576 1175 plur
1594 1114 1687 1166 minua.

756 1198 937 1263 Dlrpntatione
955 1199 1018 1264 vll,
1043 1201 1070 1246 iu
1096 1212 1148 1263 qua
1165 1198 1296 1246 Hortensii
1322 1197 1443 1259 ,mrilw
1471 1199 1588 1247 adversus
1606 1198 1751 1261 Tyohonem
1775 1208 1936 1257 revincuntur
1954 1207 2008 1273 (cir.

648 1268 700 1320 rol.
721 1267 769 1320 Vl.
785 1284 813 1335 p.
835 1267 913 1335 111.),
931 1271 1021 1318 iterum
1041 1269 1155 1317 deiendit
1172 1268 1322 1317 Horrocclns
1341 1268 1487 1335 Keplernm‚
1505 1270 1640 1318 interulis
1659 1272 1758 1325 dicens:
1781 1272 1929 1343 Keplerum
1948 1292 2010 1347 pro·

642 1344 719 1399 xime
737 1343 895 1415 aggrederis
915 1351 1063 1415 optesque,
1089 1352 1121 1399 ut
1137 1343 1181 1398 ille
1199 1343 1227 1397 in
1246 1343 1380 1398 vestibulo
1401 1345 1522 1399 veritatis
1539 1345 1705 1402 constitutus
1725 1349 1838 1405 eandem
1857 1368 1918 1407 oum
1936 1362 2009 1411 vete·

642 1422 722 1479 ribus
740 1423 881 1492 ingressus
901 1433 976 1480 esset
992 1425 1063 1478 riam
1082 1425 1117 1480 ad
1135 1423 1322 1479 inveniendam
1342 1423 1414 1478 Solis
1433 1423 1589 1480 distantiam
1609 1432 1661 1481 eto.
1699 1426 1835 1498 Keplerus
1857 1439 1963 1489 tantum
1981 1434 2009 1490 in

641 1499 785 1558 vestibulo
805 1502 926 1559 veritatis
945 1503 1129 1558 constitutus?
1161 1501 1291 1556 illisorum
1309 1516 1340 1556 re
1359 1515 1423 1555 vera
1441 1500 1590 1571 hominem,
1616 1520 1696 1574 quem
1715 1507 1744 1563 in
1762 1508 1844 1579 adyta
1862 1512 2010 1569 secretiora

641 1581 852 1637 Uranometn‘ae
872 1588 979 1637 vestrae
997 1582 1159 1635 intraturum
1176 1586 1350 1648 praematura
1361 1586 1448 1634 morte
1459 1579 1631 1637 retinuerunt
1642 1581 1699 1639 iata
1711 1586 1860 1643 severiora!
1879 1589 1916 1644 At
1928 1589 2009 1645 erede

639 1659 712 1716 milti
736 1660 883 1731 Hortensi,
907 1676 1047 1728 nunquam
1066 1657 1202 1729 lieplerns
1228 1659 1256 1712 in
1283 1657 1418 1714 vestibulo
1436 1658 1559 1714 venistis
1577 1660 1691 1729 mansit,
1717 1663 1769 1719 nisi
1786 1664 1857 1722 iorte
1875 1672 1907 1721 ut
1923 1667 2010 1723 Lans-

639 1739 738 1809 bergio
763 1741 837 1796 iores
863 1741 990 1810 aperiret.
1027 1738 1101 1794 Nihil
1126 1736 1188 1793 nori
1213 1737 1306 1793 docuit
1328 1737 1518 1793 Uranometria
1541 1738 1718 1810 Lensbergii.
1745 1743 1818 1812 quod
1833 1759 1901 1799 non
1928 1744 2011 1801 luent

640 1817 766 1888 Keplero
786 1827 951 1889 surreptum.
987 1817 1167 1887 Praecipuum
1192 1815 1274 1883 huJus
1294 1815 1384 1884 operis
1403 1813 1538 1870 emblema
1555 1823 1583 1871 et
1600 1817 1726 1887 gloriatio
1745 1828 1787 1876 cst
1807 1821 1943 1883 „definitio
1961 1838 2009 1892 pa·

640 1894 761 1951 rallaxis
780 1897 885 1969 Solis“;
909 1902 1020 1968 praeter
1044 1894 1097 1948 boo
1114 1894 1205 1949 omnia
1223 1892 1345 1962 vulgaris
1363 1900 1428 1948 sunt
1447 1902 1474 1950 et
1492 1895 1594 1964 passim
1612 1896 1700 1954 obvia.
1737 1899 1774 1954 At
1792 1899 1826 1955 de
1844 1899 1897 1954 hso
1914 1899 2008 1971 singu·

640 1976 694 2032 lari
712 1975 873 2033 inventione
891 1977 931 2032 sic
949 1974 1056 2030 exultat
1073 1971 1271 2038 Lansbergius:
1296 1969 1356 2025 Hoc
1380 1971 1543 2026 elementum
1567 1974 1603 2028 ab
1621 1974 1700 2031 nobie
1719 1977 1835 2047 primum
1853 1987 1896 2036 est
1913 1982 2007 2037 inven-

640 2063 700 2111 tnm
719 2063 775 2113 eto.
811 2056 849 2111 Αι
865 2055 993 2126 quonism
1011 2053 1081 2109 tanti
1099 2051 1166 2108 iacit
1184 2051 1322 2105 inventum
1340 2049 1408 2104 adeo
1427 2050 1610 2122 praeclarum,
1633 2068 1751 2121 aequum
1764 2057 1873 2131 iudico,
1891 2058 2008 2130 primum

641 2135 703 2201 ejus
726 2133 872 2188 authorem
897 2133 989 2190 debita
1013 2131 1101 2201 gloria
1124 2145 1179 2183 non
1203 2125 1333 2182 iraudari.
1370 2128 1424 2184 Est
1446 2136 1536 2183 autem
1562 2128 1601 2199 ie,
1628 2139 1846 2192 astronomorum
1871 2140 2008 2209 princeps,

641 2213 791 2284 lieplerus,
809 2213 864 2282 qni,
882 2211 947 2266 licet
964 2211 992 2265 in
1010 2207 1144 2265 sesubulo
1160 2208 1217 2275 jam
1236 2207 1272 2261 sit
1290 2207 1465 2276 constitutus,
1483 2213 1575 2262 tamen
1594 2211 2007 2274 11annisantcoditamnans-

628 2293 730 2361 bergii
749 2291 967 2348 Uranometriam
986 2291 1038 2344 hoc
1057 2290 1195 2344 inventum
1215 2287 1284 2342 setis
1302 2295 1397 2357 aperte
1416 2285 1518 2341 docuit.
1555 2289 1618 2355 (Otr.
1638 2294 1688 2345 vol.
1707 2296 1752 2349 vi.
1771 2312 1797 2361 p.
1816 2296 1893 2364 498.)

749 2371 804 2427 Sed
822 2371 858 2426 ad
878 2377 907 2424 te
924 2368 1008 2424 redeo
1026 2365 1165 2432 Hortensi,
1185 2363 1231 2432 qui
1250 2379 1345 2434 neges,
1364 2363 1512 2433 Keplerum
1531 2365 1689 2424 distantiam
1701 2384 1777 2425 suem
1790 2371 1862 2428 Solis
1874 2374 2007 2431 haetenus

641 2450 850 2505 demonstrasse
870 2449 910 2517 (v.
929 2466 950 2503 s.
969 2466 995 2514 p.
1015 2444 1091 2512 545.)
1106 2487 1112 2498 .
1127 2485 1133 2497 .
1148 2484 1178 2499 ..
1216 2442 1269 2498 Ubi
1288 2457 1351 2497 vero
1370 2447 1419 2496 tua
1436 2442 1524 2497 tides?
1549 2444 1660 2514 Kepleri
1679 2449 1878 2518 speculationes
1897 2453 2005 2508 harm0-

640 2528 727 2598 nicas,
746 2542 816 2597 quas
832 2533 863 2582 tu
880 2525 1027 2580 venitatem
1046 2521 1179 2594 appellas,
1197 2536 1286 2591 neque
1298 2536 1350 2591 ego
1363 2519 1443 2575 nimis
1455 2521 1578 2592 aestimo,
1598 2539 1658 2578 cum
1671 2525 1762 2597 sciam,
1782 2544 1874 2586 esrum
1886 2531 2005 2601 pulchri·

640 2606 764 2661 tudinem
791 2620 852 2661 ease
878 2604 1012 2660 duntaxat
1037 2601 1207 2657 arbitrariam
1233 2599 1390 2670 nullamque
1417 2599 1525 2655 adferre
1551 2602 1788 2662 necessitudinem.
1826 2610 1922 2680 Neque
1946 2612 2006 2680 ipse

639 2682 780 2753 Keplerns
804 2684 877 2739 tanti
901 2698 948 2738 eus
971 2681 1051 2752 iacit,
1076 2690 1107 2734 ut
1124 2695 1179 2733 non
1198 2684 1305 2747 peteret
1323 2678 1357 2731 ab
1376 2676 1612 2735 observationibus
1630 2679 1908 2756 sutfragia-certiora,
1934 2702 2005 2758 quae

639 2774 804 2838 argumenta
821 2767 911 2820 minus
930 2763 1043 2821 mndide
1061 2760 1215 2817 dissimulas
1235 2768 1262 2813 et
1279 2758 1395 2815 lectores
1413 2759 1454 2813 vis
1472 2760 1598 2829 credere,
1621 2770 1731 2832 praeter
1749 2766 1866 2822 incensa
1882 2768 2005 2837 spaucia-

639 2849 730 2902 aoso
753 2843 822 2898 nihil
845 2844 961 2913 habere,
988 2859 1041 2912 quo
1063 2842 1135 2896 Solis
1157 2840 1312 2910 parallarin
1336 2839 1512 2896 demonstret.
1550 2844 1618 2897 Cum
1641 2844 1792 2901 senissima
1815 2845 2005 2904 demonstrent

639 2922 855 2990 observationes,
873 2921 944 2978 Solis
963 2921 1114 2992 parallaxiu
1133 2919 1209 2974 nulla
1227 2926 1287 2973 arte
1305 2919 1425 2973 humana
1442 2918 1546 2991 percipi
1563 2936 1654 2991 posse,
1672 2939 1727 2978 non
1745 2924 1813 2980 adeo
1831 2923 2005 2994 insignisset

638 3002 767 3070 weitos,
792 3008 824 3055 ut
844 2999 895 3056 tibi
916 3001 1039 3065 ridetur,
1062 2999 1227 3068 conjecturis
1254 2996 1442 3069 probabilibus
1466 2997 1534 3055 illud
1553 3002 1658 3072 reneri,
1684 3004 1757 3072 quod
1775 3004 1943 3076 impossibile
1962 3013 2004 3061 est

638 3078 751 3135 abunde
770 3079 912 3148 consequi.

1196 3203 1453 3214 ..--—-——-

1051 3343 1236 3447 premeris
1263 3342 1305 3423 ad
1332 3367 1450 3425 annum
1482 3344 1582 3426 1025.

745 3492 850 3552 Annus
871 3492 920 3553 hie
942 3495 1024 3552 1625
1048 3501 1174 3570 quatuor
1195 3494 1286 3554 babet
1307 3495 1442 3574 eclipses,
1466 3494 1579 3556 isolis
1595 3494 1775 3573 totidemque
1790 3498 1902 3576 Lunae,
1924 3518 2000 3578 qus-

638 3600 702 3642 rum
725 3579 874 3642 emuulnm
897 3580 1091 3655 consulemus,
1115 3599 1134 3641 a
1156 3581 1303 3641 solaribus
1326 3581 1504 3660 incipiendo.

1150 3691 1189 3746 In
1203 3691 1306 3760 putria.
1656 3693 1695 3749 In
1712 3696 1841 3751 secundo.

637 3778 758 3848 Tempus
780 3776 898 3833 medinm
917 3793 966 3833 seu
985 3776 1126 3848 aequabile
1145 3777 1370 3844 Uraniburgicum

1110 3847 1451 3905 aeramnareoe
1490 3890 1496 3904 .
1537 3892 1542 3904 .
1584 3848 1929 3918 remoraretur

637 3941 719 3989 Loem
732 3941 813 3989 antri
823 3937 867 4007 Θ,
880 3941 927 3988 sub
940 3954 990 4005 quo
1003 3942 1025 3987 Α
1038 3941 1064 3989 ln
1078 3941 1147 3990 diseo
1157 3941 1248 3989 Terrae
1267 3941 1314 3991 18ο
1332 3940 1375 3990 30’
1395 3939 1447 3989 15“
1467 3944 1497 3997 Χ
1539 3978 1728 3993 .....
1765 3944 1795 3992 9ο
1816 3943 1857 3994 18⁴
1875 3944 1928 3994 25”
1948 3947 1981 4012 dp

639 4011 722 4060 Lorne
741 4010 802 4058 nodi
823 4008 852 4071 ii
874 4015 943 4060 motu
962 4011 1089 4076 aequabili
1135 4050 1141 4063 .
1181 4051 1188 4065 ,
1227 4050 1233 4062 .
1271 4013 1315 4063 24.
1339 4011 1382 4062 39.
1403 4013 1437 4059 28
1458 4015 1487 4067 )(
1545 4049 1551 4062 .
1591 4049 1597 4062 .
1637 4049 1643 4063 .
1699 4015 1962 4081 ι0215153010)

951 4078 1074 4130 Reductlo
1133 4121 1140 4135 .
1179 4121 1185 4135 .
1223 4117 1229 4129 .
1353 4085 1377 4133 1.
1397 4082 1430 4131 37
1449 4083 1498 4130 add
1500 4119 1730 4134 ......
1830 4089 1854 4136 1.
1874 4088 1909 4136 et
1927 4086 1986 4138 add.

636 4148 879 4200 Locnscumbras
903 4150 927 4213 1)
949 4151 976 4198 ln
995 4151 1073 4215 diseo,
1092 4154 1227 4216 requisitus
1277 4153 1319 4203 18.
1338 4153 1381 4203 31.
1400 4153 1434 4202 52
1456 4157 1485 4209 )(
1544 4192 1550 4204 .
1590 4191 1596 4203 .
1635 4192 1641 4205 .
1680 4192 1686 4205 .
1725 4193 1731 4204 .
1769 4157 1792 4205 9.
1815 4158 1856 4208 19.
1876 4158 1910 4206 59
1929 4157 1962 4220 09

769 4248 773 4253 -
847 4220 927 4268 Arcus
946 4222 1012 4269 inter
1030 4227 1114 4270 centra
1173 4263 1180 4277 .
1220 4264 1227 4278 ,
1334 4224 1376 4272 et.
1415 4225 1506 4287 dsept
1508 4261 1727 4277 ......
1811 4227 1854 4279 32.
1874 4229 1907 4276 35
1920 4231 1996 4275 austr.

952 4291 1104 4354 Ampliatus,
1123 4293 1187 4346 Ac,
1225 4335 1232 4349 ,
1339 4296 1382 4342 31.
1401 4295 1434 4343 37
1812 4298 1856 4348 33.
1893 4300 1909 4345 9

634 4357 932 4423 Temperanomalicnm
952 4361 1037 4408 Lunae
1091 4401 1097 4413 .
1136 4364 1160 4414 d.
1181 4370 1223 4417 11.
1243 4365 1268 4416 b.
1288 4368 1312 4414 5.
1332 4366 1374 4416 55.
1395 4367 1429 4414 52
1493 4404 1500 4417 .
1539 4405 1545 4416 .
1584 4366 1634 4417 .d.
1656 4368 1682 4418 0.
1702 4366 1728 4417 b.
1750 4367 1791 4417 13.
1811 4369 1844 4416 bt

633 4429 779 4480 Pacuui·
798 4431 834 4495 1),
853 4444 897 4478 sou
910 4430 1093 4479 semidiametrr
1106 4433 1178 4500 disci,
1198 4435 1249 4500 AF,
1268 4433 1312 4482 aa
1332 4436 1374 4487 63.
1395 4436 1429 4486 10
1493 4472 1767 4487 .......
1811 4439 1854 4489 58.
1873 4439 1907 4487 23

844 4500 1034 4550 Somldiumeter
1052 4502 1139 4551 Lunae
1175 4545 1182 4557 ,
1221 4545 1228 4557 ,
1266 4543 1273 4556 .
1329 4507 1371 4555 16.
1393 4509 1426 4555 14
1490 4544 1766 4559 .......
1811 4511 1854 4558 15.
1890 4509 1906 4556 0

934 4606 947 4630 „
1050 4571 1275 4628 Solia...
1334 4576 1430 4626 15.20
1491 4579 1906 4629 ......15.·8

740 4639 858 4691 semissis
875 4641 1014 4705 parallaxis
1032 4641 1099 4691 Solis
1131 4683 1138 4697 .
1177 4685 1184 4699 ,
1222 4684 1229 4699 .
1268 4685 1275 4699 .
1347 4650 1373 4699 0.
1393 4650 1428 4698 30
1826 4652 1852 4701 0.
1873 4650 1907 4699 80

740 4710 933 4761 Semldiametsr
950 4711 1061 4774 luminis,
1080 4728 1124 4762 seu
1142 4718 1194 4782 ΑΒ,
1214 4717 1258 4766 Ali
1334 4720 1429 4769 9514
1490 4755 1764 4769 .......
1808 4722 1853 4771 89.
1891 4724 1906 4768 1

829 4816 841 4841 ,,
947 4783 1110 4845 penumbroe,
1129 4786 1189 4850 ΒΜ,
1211 4786 1315 4840 CVeto.
1334 4789 1377 4838 32.
1414 4792 1430 4838 i
1492 4823 1767 4841 .......
1810 4792 1853 4842 30.
1873 4791 1907 4840 38

829 4886 842 4909 .,
949 4853 1052 4900 umbrae
1071 4854 1188 4908 Lunae.
1226 4897 1232 4908 .
1270 4897 1277 4909 .
1349 4861 1374 4908 0.
1394 4862 1437 4910 54.
1479 4860 1557 4906 Arous
1576 4859 1603 4905 in
1620 4855 1655 4925 Θ
1674 4858 1790 4908 residuus
1826 4863 1851 4913 0.
1889 4862 1906 4911 8

632 4924 672 4973 Ex
692 4920 735 4972 Ac
753 4926 779 4971 at
796 4922 841 4971 ΔΒ
859 4919 960 4969 elicitur
977 4920 1018 4970 BG
1036 4924 1076 4971 vel
1094 4922 1135 4972 cle
1180 4966 1186 4980 ,
1225 4966 1232 4980 .
1270 4966 1277 4980 .
1332 4928 1376 4980 88.
1395 4932 1430 4979 43
1490 4963 1766 4982 .......
1807 4932 1851 4984 82.
1871 4932 1905 4981 38

633 4994 671 5044 Ex
690 4991 735 5044 AG
754 4997 780 5042 et
796 4992 842 5041 tlt
860 4988 960 5039 elicitur
977 4989 1020 5042 BG
1037 4994 1077 5040 rol
1095 4994 1132 5045 08
1185 5035 1192 5049 .
1230 5038 1237 5052 .
1276 5038 1284 5052 .
1336 5001 1379 5051 52.
1400 5003 1434 5050 50
1494 5035 1768 5053 .......
1804 5003 1849 5055 48.
1887 5005 1905 5051 4

740 5063 864 5113 llorarlns
888 5060 913 5124 Ι)
936 5075 1008 5109 verus
1044 5099 1277 5122 ......
1332 5070 1375 5121 37.
1394 5073 1428 5120 26
1489 5105 1764 5124 .......
1807 5075 1850 5124 29.
1869 5074 1903 5123 35

665 5128 671 5151 ’
792 5126 1429 5197 ,Θ.......ι.3ο
1824 5145 1904 5197 aaa

794 5197 1430 5268 ,liaQ......3t.bo
1492 5245 1766 5265 .......
1806 5215 1903 5268 27.9

950 5272 1092 5336 Ampliatus
1137 5314 1144 5329 .
1182 5317 1187 5327 .
1226 5316 1232 5326 .
1269 5315 1275 5330 .
1331 5282 1374 5334 35.
1394 5283 1429 5332 38
1489 5316 1765 5338 .......
1807 5287 1850 5337 27.
1869 5285 1903 5336 37
