5575 6342
715 790 780 855 ‘230
1213 786 1348 855 'lychonis
1368 786 1577 855 llyperaspiates

716 986 770 1043 ego
794 966 831 1026 ad
855 965 1048 1025 connexiones
1080 975 1109 1025 et
1137 964 1339 1025 adstrictionea
1363 982 1444 1024 nteas
1466 966 1607 1024 sorderes.
1654 964 1737 1039 Quae
1760 968 1838 1025 cuitu
1861 968 1924 1043 ipae
1946 964 2065 1025 minae

717 1074 748 1113 se
774 1054 888 1131 putarit
912 1054 940 1109 in
964 1060 1038 1111 terra
1061 1055 1107 1111 sui
1131 1060 1249 1129 captus,
1283 1070 1337 1128 ego
1369 1052 1567 1112 demonstravi
1596 1052 1690 1129 ligata
1716 1070 1834 1115 matters
1855 1054 1886 1111 in
1909 1052 1993 1115 coelo
2015 1052 2066 1111 dc-

716 1142 966 1200 monstrationum.

822 1230 850 1285 l.
888 1226 1085 1285 Veruntamen
1118 1241 1182 1283 eum
1214 1234 1327 1285 corneto
1356 1226 1404 1284 bic
1434 1225 1538 1285 diebus
1564 1234 1591 1287 l.
1614 1230 1645 1285 2.
1668 1226 1769 1286 Martii
1791 1244 1851 1287 non
1873 1226 2065 1287 occideretis

716 1316 789 1373 lreto
811 1316 898 1373 tuturis
923 1312 1041 1381 Baimoi,
1066 1330 1173 1371 trorum
1193 1310 1295 1389 Tycho
1319 1312 1555 1373 commoditatem
1577 1322 1698 1387 nactus,
1730 1332 1819 1391 quatu
1842 1317 1872 1373 iu
1894 1317 1998 1375 ceteris
2018 1332 2065 1373 co·

717 1404 801 1461 metis
825 1419 881 1461 non
905 1400 1016 1463 lrabuit.
1041 1398 1215 1459 obseruandi
1239 1399 1410 1475 paralisim,
1433 1418 1499 1459 earn
1522 1417 1581 1460 nott
1603 1400 1740 1477 neglexit.
1778 1400 1822 1461 Ea
1844 1402 1939 1461 lotrna
1953 1398 2066 1479 quiden

716 1488 891 1547 observandi
916 1486 1022 1557 diflert,
1047 1498 1077 1544 at
1100 1504 1129 1545 re
1156 1504 1224 1545 vera
1248 1506 1312 1545 eum
1335 1488 1401 1546 aliis
1423 1487 1518 1547 modis
1541 1488 1693 1561 coincidit‚
1717 1490 1769 1564 qui
1791 1488 1956 1566 parullaaiu
1978 1488 2066 1549 decli·

716 1578 843 1635 nationis
866 1575 1013 1649 detegunt.
1052 1573 1126 1631 Nam
1153 1586 1266 1632 cometa
1289 1578 1316 1632 in
1340 1575 1441 1633 circuli
1463 1575 1616 1635 meridiani
1637 1583 1720 1653 parte
1741 1576 1871 1635 existens
1893 1578 2065 1652 septentrio·

716 1662 784 1725 rtnli.
809 1661 969 1739 parullrtrrin
993 1660 1083 1718 babet
1111 1660 1233 1719 eundem
1257 1673 1285 1721 et
1309 1661 1512 1721 declinationis
1534 1670 1565 1722 et
1585 1662 1759 1721 altitudinis.
1798 1662 1934 1739 Cumque
1952 1664 2066 1721 tuncsit

716 1748 905 1809 humillimus.
929 1748 1084 1825 plurimum
1111 1750 1198 1806 etiam
1222 1748 1314 1807 differt
1338 1748 1402 1824 ejus
1425 1748 1592 1825 parallauis,
1615 1752 1640 1809 si
1664 1768 1753 1827 quum
1769 1748 1870 1823 habet.
1894 1770 1915 1811 a
1929 1750 2067 1827 parallati

716 1835 846 1913 ejusdem
875 1836 1008 1893 mitissimi
1038 1836 1116 1893 laeti.
1164 1836 1252 1909 Atqui
1281 1834 1490 1895 declinationes
1513 1838 1543 1895 in
1565 1836 1689 1897 diversis
1711 1838 1816 1897 sitibus
1839 1836 1947 1915 'l'yebo
1969 1838 2065 1897 obser·

717 1926 798 1983 rar-it
830 1940 887 1982 non
917 1922 1029 1981 diderre
1059 1922 1097 1980 rtb
1129 1925 1251 1981 invicem
1280 1923 1360 1998 plus,
1393 1941 1482 1998 quam
1511 1926 1679 2000 requirebat
1707 1926 1831 1985 mutatio
1854 1936 1955 1985 motus
1977 1924 2066 1983 diurni

716 2012 794 2069 boris
824 2009 989 2086 interlapsis
1017 2008 1152 2085 analoga.
1201 2010 1276 2085 Ergo
1307 2010 1464 2087 parallaxis
1495 2014 1524 2070 in
1555 2010 1751 2073 declinatione
1778 2014 1906 2072 mutavit
1935 2011 2007 2071 nibil
2033 2030 2066 2071 at

717 2097 837 2176 proinde
861 2096 942 2155 ttullrt
965 2097 1028 2153 tuit.

822 2186 850 2241 5.
888 2182 1036 2243 Gratrtlati
1067 2182 1165 2241 debuit
1196 2185 1251 2241 arti
1281 2190 1400 2244 nostrae
1428 2183 1644 2244 t'luramontius
1673 2185 1709 2245 dc
1738 2195 1782 2245 tot
1810 2182 2065 2245 commoditatibta

717 2272 954 2331 observationum
978 2270 1072 2345 deque
1088 2268 1236 2347 Tyelronis
1261 2270 1411 2341 industria,
1434 2274 1484 2347 qui
1508 2271 1765 2332 commoditatibus
1787 2275 1850 2331 suis
1864 2274 2003 2349 nuspiam
2017 2272 2064 2331 de·

716 2360 779 2419 luit.
825 2360 863 2417 ,tr
895 2382 1024 2435 aprrrpn:
1054 2357 1160 2416 dixeris
1185 2360 1213 2415 in
1236 2360 1301 2433 ipso
1325 2376 1462 2436 peruersa
1485 2361 1591 2433 ingenii
1614 2360 1821 2436 philosophici.
1866 2360 1945 2419 Nam
1966 2360 2064 2435 spretis

716 2446 861 2509 omnibus.
886 2464 961 2521 quse
985 2448 1102 2505 maximi
1127 2448 1315 2503 aestimantur
1338 2445 1564 2522 aplrilosoplris,
1588 2464 1642 2505 nee
1663 2459 1803 2523 satagens
1826 2450 1943 2506 viarum
1963 2446 2002 2505 ad
2024 2448 2065 2503 iu·

716 2534 918 2609 vestigandum
944 2537 1109 2593 retitatem.
1134 2532 1171 2589 ud
1194 2533 1223 2589 iel
1247 2532 1341 2592 solum
1364 2536 1490 2609 respicit.
1514 2534 1593 2609 quod
1616 2536 1678 2611 ipse
1700 2536 1757 2595 sibi
1774 2544 1969 2611 proposuerat
1983 2550 2064 2610 pera·

714 2622 856 2697 gendum.
881 2639 939 2696 quo
960 2622 1044 2695 jure,
1069 2638 1126 2695 qua
1151 2620 1274 2695 injuria.
1298 2619 1335 2679 ad
1359 2619 1551 2679 conrelleuda
1573 2620 1685 2681 scilicet
1708 2638 1757 2693 ea,
1787 2638 1865 2696 quae
1887 2640 1908 2681 a
1930 2620 2063 2699 Tyebone

715 2710 788 2767 bene
818 2721 884 2767 sunt
916 2710 1083 2766 constituta.
1129 2706 1275 2767 litet-iter:
1306 2707 1425 2767 dimissa
1453 2712 1576 2767 reritate
1600 2710 1693 2767 sirum
1716 2712 1917 2785 persequitur.
1948 2726 1984 2767 ex
2006 2708 2063 2783 ejus

716 2794 911 2855 debellatione
935 2794 1057 2867 gloriam
1081 2807 1257 2869 aucupatur.
1281 2798 1303 2851 si
1329 2794 1374 2853 rel
1400 2798 1552 2855 ueritatem
1574 2798 1666 2871 ipsam
1689 2812 1777 2872 supet
1798 2814 1835 2855 ea
1857 2812 1888 2855 re
1912 2794 2062 2873 impendat

821 2884 848 2941 6.
889 2882 969 2939 l'ielit
994 2879 1095 2957 Tyelto
1119 2896 1275 2941 cornetum.
1299 2886 1322 2937 si
1346 2886 1373 2939 in
1398 2885 1594 2958 septentrione
1617 2884 1730 2941 eoelum
1753 2882 1913 2953 mediaret,
1939 2884 2062 2943 relracds

716 2970 753 3029 ob
784 2967 976 3027 bumilitatem
1005 2968 1093 3025 radiis
1119 2970 1307 3027 instrumento
1332 2970 1415 3027 ierire
1438 2986 1533 3045 eoque
1555 2972 1743 3030 retractiones
1764 2972 1804 3029 ab
1825 2970 1891 3045 ejus
1914 2968 2063 3029 altitudine

716 3056 916 3117 ternos-endas.
941 3069 967 3113 et
992 3058 1061 3131 qnia
1084 3072 1140 3112 non
1156 3055 1230 3115 adeo
1246 3070 1346 3115 t‘rarte
1363 3056 1509 3115 tidendum
1524 3070 1585 3116 erut
1601 3056 1727 3117 tabellae
1741 3057 1951 3117 telractionunr
1966 3056 2063 3115 diebus

716 3144 860 3203 omnibus.
885 3162 934 3219 per
958 3144 1043 3201 tirum
1070 3144 1156 3215 icitur
1179 3142 1339 3202 altitudinis
1362 3144 1494 3219 ejusdem
1517 3144 1669 3221 indagavit
1692 3144 1740 3203 die
1762 3145 1866 3205 cedern
1886 3144 2063 3205 retractionis

715 3230 889 3291 nut'ctendue
913 3230 1113 3307 quantitatem.

825 3320 850 3374 ἵ.
881 3315 935 3375 llie
959 3334 1027 3393 ergo
1044 3316 1257 3375 l'lntunrontius
1281 3317 1376 3375 locum
1401 3316 1566 3391 designavit
1589 3335 1644 3377 suu
1668 3318 1797 3387 incultui,
1820 3334 1881 3393 qua
1895 3318 2063 3397 Tydtonetu

715 3424 746 3461 se
780 3403 851 3461 ridit
883 3408 993 3462 munire
1025 3408 1190 3479 operosius.
1223 3404 1391 3462 intinnicres
1416 3424 1466 3462 eos
1488 3420 1585 3481 partes
1608 3418 1696 3463 ratus.
1742 3404 1939 3465 liunitionem
1963 3410 2063 3465 invasit

718 3496 819 3565 ipsam.
859 3490 953 3565 Nemtt
977 3490 1120 3549 eredendo
1145 3510 1207 3549 esse
1231 3491 1363 3567 Treboni
1388 3494 1493 3551 tironia.
1517 3509 1710 3567 quaeeunque
1733 3493 1769 3549 de
1792 3492 1967 3553 refractione
1990 3494 2062 3553 dicit.

715 3580 771 3635 t'ur
806 3586 922 3635 .tutem':
957 3580 1048 3653 Quin.
1080 3582 1188 3653 iuquit.
1220 3578 1320 3654 'l'relm
1352 3580 1550 3637 ret'roetieneur
1574 3582 1649 3637 intra
1671 3598 1767 3656 panea
1790 3582 1905 3639 minuta
1929 3584 2064 3641 eontinet.

714 3684 789 3741 quse
815 3668 875 3741 ipse
891 3668 990 3743 Scipio
1015 3664 1149 3723 etteudot
1175 3670 1202 3724 in
1226 3666 1332 3724 nntltes
1355 3666 1473 3739 gradus.
1510 3666 1628 3727 Scilicet
1648 3668 1704 3727 boc
1720 3668 1846 3727 refutare
1861 3672 1921 3727 est!
1947 3670 2000 3727 ,lis
2015 3674 2064 3727 tu't

715 3754 777 3827 Ego
802 3770 892 3827 nege:
918 3754 1008 3811 luleus
1033 3756 1119 3815 icitur
1143 3768 1173 3811 ιιι

822 3856 845 3897 s.
881 3840 937 3898 Sed
963 3856 989 3899 et
1015 3840 1130 3897 rrrordrnn
1155 3856 1283 3913 quartum.
1308 3858 1365 3913 equo
1390 3840 1491 3915 Terbo
1514 3842 1716 3899 reimctioneur
1731 3854 1898 3901 acumetae
1913 3842 2064 3903 altitudine

714 3932 845 3985 tenterit.
889 3928 951 3985 Non
977 3932 1113 4001 sequium.
1141 3932 1240 4001 inquit.
1266 3928 1338 3983 ritae*
1362 3932 1496 3985 retractio
1519 3944 1562 3985 est
1579 3944 1670 3987 ronta.
1693 3944 1763 3999 ergo
1784 3944 1814 3985 ct
1834 3942 1970 3991 cornetae
1993 3944 2063 3989 teut-

713 4034 781 4089 pere
807 4016 906 4073 eetletrt
934 4020 959 4069 in
982 4014 1131 4071 altitudine
1157 4014 1266 4073 eodem.
1305 4018 1360 4071 t'ut
1385 4022 1504 4071 tttttertt'!
1537 4014 1613 4089 Quia
1636 4014 1693 4073 fita
1716 4014 1804 4073 trister
1827 4034 1847 4073 a
1869 4030 1972 4077 centro
1995 4016 2064 4077 Τει-

715 4120 761 4157 rae
795 4102 907 4173 leucen.-
939 4120 1024 4175 qrtrtut
1057 4118 1179 4159 centem.
1227 4108 1263 4159 ,ιι
1288 4119 1341 4159 tres
1360 4102 1422 4175 jam
1446 4102 1626 4161 estertdiutus
1649 4104 1757 4181 [rerba
1779 4102 1961 4178 Scipionisl‚
1993 4122 2064 4179 quat

715 4192 848 4265 propiet
880 4206 943 4243 suc:
975 4204 1088 4245 eentte.
1120 4190 1257 4263 totjorem
1287 4192 1485 4247 retractionem
1518 4194 1586 4265 poti
1632 4189 1733 4261 Neque
1762 4204 1793 4247 tu
1822 4190 1881 4249 hoe
1903 4192 2064 4253 ostendisti.

714 4294 807 4349 neque
833 4294 929 4331 retum
955 4292 1006 4331 est.
1056 4282 1110 4331 lut
1136 4276 1331 4333 lurlltteittsris.
1356 4278 1410 4333 sub
1435 4278 1579 4335 amatium
1602 4280 1782 4335 tetrae-rionis
1805 4278 1975 4352 puralluln
1997 4280 2064 4339 sub-

714 4380 829 4419 ¹stttrrens
863 4382 944 4441 errant
976 4364 1008 4419 tie
1035 4364 1083 4419 ltro
1114 4382 1210 4419 rerum
1235 4380 1310 4419 e-·=··.·t
1336 4362 1540 4421 uttirnrnturnr.
1573 4380 1621 4421 ¹tut
1652 4368 1675 4419 si
1704 4366 1799 4421 sciens
1827 4364 1863 4423 de
1894 4368 2064 4425 refractione

714 4454 869 4523 scripsisc.
903 4448 1081 4511 animanda<
1112 4468 1142 4507 e.=
1173 4454 1198 4505 in
1230 4450 1344 4507 selre'ms
1369 4454 1542 4525 optio-eom.
1574 4466 1603 4507 ut
1626 4450 1736 4510 eliserat.
1770 4452 1841 4509 nibil
1865 4456 2008 4513 iuteresse
2029 4452 2064 4511 ad

716 4540 891 4593 rrt'rttrienis
918 4538 1069 4599 ..t-:trium
1096 4538 1198 4597 ter-ms
1222 4556 1257 4593 arr
1284 4540 1378 4593 tetri-
1404 4540 1439 4595 sit
1463 4536 1573 4595 radius.
1598 4542 1647 4611 qui
1671 4544 1699 4595 iu
1723 4536 1850 4597 melium
1875 4538 1998 4601 densius
2022 4544 2066 4599 in·

715 4622 812 4681 tudetes
837 4628 1007 4697 tt·:':·.:·.;it·.·.:.

819 4714 846 4767 2¹.
880 4712 952 4767 Nom
977 4714 1029 4767 ersi
1054 4728 1080 4769 et
1112 4710 1205 4785 l'pelre
1232 4710 1319 4765 ruieri
1345 4728 1435 4785 pemrr
1454 4714 1580 4767 inritatus
1595 4712 1649 4769 hue
1666 4730 1786 4769 eneruea
1802 4716 1956 4786 opinione.
1979 4734 2064 4792 prop-

715 4814 791 4853 tetta
821 4800 897 4869 quel
931 4818 957 4851 tr.
983 4800 1047 4855 §eze
1082 4813 1107 4853 tt
1134 4798 1215 4853 [ιιι.
1245 4800 1368 4867 uulf—'tes
1398 4804 1498 4855 statuit
1529 4800 1713 4855 retracti-rues
1744 4818 1833 4873 quant
1867 4804 1895 4857 in
1927 4804 2008 4869 fixis,
2036 4816 2064 4861 al

715 4902 818 4943 eartsae
844 4886 878 4941 ai
904 4886 966 4941 elas
991 4884 1139 4957 eccesiae
1160 4900 1329 4941 etrururzrr:
1349 4904 1454 4959 putes.
1480 4886 1512 4943 de
1531 4888 1636 4959 quibus
1654 4890 1757 4961 partim
1774 4890 1802 4943 iu
1820 4892 1939 4963 optieis.
1964 4894 2064 4967 partitn

715 4974 801 5029 sitit:
826 4972 890 5027 tilae
918 4990 984 5027 tere
1010 4990 1113 5029 ..ruste
1139 4974 1207 5027 tabi:
1233 4972 1268 5027 oti
1294 5014 1296 5021 .
1331 4988 1420 5027 :aros
1445 4988 1586 5045 pettrcret

824 5070 832 5115 t
855 5082 858 5093 ·
902 5058 1034 5115 secuso
1051 5062 1236 5115 rte-amoene
1265 5064 1400 5115 :rorentis
1424 5075 1525 5133 tegent
1551 5064 1637 5117 saties
1657 5062 1717 5131 farre
1738 5062 1910 5135 puocuieata
1926 5062 1965 5123 de
1979 5082 2065 5139 tegu-

714 5146 826 5203 larrrtre
851 5162 946 5203 tter-tus
971 5146 1080 5203 itam,
1105 5166 1162 5219 qut
1187 5148 1343 5203 interulae.
1369 5146 1446 5219 qus-d
1470 5148 1573 5203 {tustra
1593 5150 1701 5219 jactat.
1728 5164 1832 5205 :tustra
1854 5154 1947 5209 etlam
1969 5164 2066 5227 sperat

716 5250 855 5293 turturum
883 5234 1027 5309 trebon-
1051 5250 1260 5309 ammentum.
1287 5248 1315 5291 ut
1339 5234 1417 5309 quod
1440 5236 1544 5311 partiat
1559 5250 1617 5293 nou
1633 5238 1733 5293 uttitur
1748 5236 1939 5311 regularitate
1955 5240 2065 5299 seilicet
