5575 6342
721 802 788 871 444
1098 804 1241 877 Epistolae
1259 805 1371 877 Kepleri
1387 805 1556 875 aliorumque
1572 808 1683 859 mutuas

720 982 805 1043 Haec
835 999 870 1042 eo
901 1000 1110 1059 commemoro,
1145 992 1177 1044 ut
1205 993 1235 1047 te
1264 984 1453 1058 admoneam,
1487 984 1540 1043 tibi
1568 990 1679 1058 tuoque
1708 978 1895 1059 typographo
1924 992 2062 1037 carema

721 1069 842 1143 damno,
874 1070 953 1145 quod
982 1072 1090 1131 rideris
1119 1074 1303 1148 incursurus,
1333 1075 1359 1132 si
1389 1072 1571 1132 exstantibus
1595 1070 1658 1145 jam
1688 1067 1809 1145 Origenl
1834 1063 2063 1143 Ephcmeridibm

720 1165 783 1217 turn
806 1160 925 1235 insuper
947 1158 1016 1218 edas
1040 1159 1154 1234 eadem,
1183 1164 1256 1221 meis
1279 1162 1402 1221 sortasse
1424 1160 1507 1220 brevi
1529 1156 1729 1234 sequentibus.
1775 1154 1900 1231 Origani
1924 1152 2064 1213 consilium

721 1262 870 1321 nunquam
893 1246 1017 1321 probavi
1040 1255 1069 1305 et
1091 1248 1229 1308 admonui
1252 1248 1335 1307 illum
1358 1248 1511 1325 diligenter
1532 1253 1600 1306 ente
1622 1243 1730 1303 multos
1753 1260 1856 1315 annos,
1882 1258 1920 1300 ne
1943 1240 2066 1299 miseeret

719 1332 875 1392 luminaria
897 1332 1067 1410 Tychonica
1096 1335 1222 1412 planetis
1245 1336 1417 1395 Prutenicis.
1463 1335 1500 1394 Et
1528 1351 1578 1411 per
1605 1350 1637 1391 se
1666 1331 1740 1391 liber
1769 1337 1800 1390 et
1827 1339 1918 1407 typus
1940 1326 2066 1385 informes

718 1428 803 1493 sunt3
826 1420 909 1479 multi
933 1425 1151 1498 exspectatione
1167 1423 1390 1500 premeridum
1414 1421 1615 1499 perfectarum,
1638 1436 1712 1494 ques
1727 1419 1878 1495 promitto,
1903 1431 1962 1474 non
1977 1419 2067 1474 emunt

719 1508 833 1567 interim
856 1505 995 1584 origani,
1026 1526 1062 1569 eo
1093 1508 1126 1569 fit
1156 1520 1188 1569 ut
1218 1510 1271 1569 vili
1299 1513 1393 1586 pretio
1424 1518 1523 1587 putem
1548 1505 1716 1566 vendendas
1739 1506 1835 1582 magis
1858 1512 1951 1580 atque
1974 1502 2066 1576 magis

719 1593 794 1653 Nam
825 1600 854 1653 et
885 1596 914 1652 in
946 1594 1052 1655 Galliis
1082 1598 1165 1673 ajunt
1196 1616 1246 1659 eas
1277 1597 1393 1671 recudi,
1426 1606 1459 1656 ut
1491 1594 1626 1671 exempla
1657 1595 1686 1651 in
1719 1592 1883 1669 Hispanias
1917 1597 1948 1650 et
1977 1586 2067 1647 indies

718 1681 871 1741 vehantur.

822 1769 904 1830 Petis
927 1770 980 1829 tibi
1003 1773 1211 1830 communicem
1227 1771 1344 1831 tabulas
1360 1770 1474 1831 Martis.
1513 1769 1577 1845 Ego
1593 1767 1720 1845 quidem,
1745 1767 1784 1825 mi
1801 1764 1934 1843 blagine,
1958 1770 2067 1841 paratus

718 1873 783 1915 sum
805 1873 864 1915 non
889 1856 954 1916 illas
978 1866 1100 1931 tantum,
1124 1858 1175 1918 sed
1200 1865 1229 1918 et
1251 1876 1351 1919 omnes
1374 1858 1502 1935 reliquas
1526 1856 1738 1917 communicare
1760 1854 1942 1914 successise.

820 1964 853 2019 ln
871 1966 1056 2035 manuscripto
1074 1967 1229 2035 praemissis
1248 1968 1316 2022 haee
1334 1966 1476 2022 addiderat
1493 1964 1642 2034 Keplerus,
1669 1969 1767 2033 postea
1784 1976 1849 2017 vero
1869 1959 2067 2015 obliterarent:

717 2084 812 2100 .....
833 2044 1001 2113 successivo,
1020 2044 1070 2099 sed
1087 2061 1150 2100 cum
1167 2045 1322 2101 conditione
1340 2052 1424 2101 certa

821 2123 905 2177 Vides
930 2139 972 2179 me
996 2138 1047 2193 per
1069 2122 1124 2178 hoc
1146 2122 1307 2178 decennium
1330 2125 1474 2178 immanem
1498 2118 1624 2176 hausisse
1646 2118 1768 2174 laborem
1785 2119 1814 2173 iu
1832 2115 1963 2173 eruendis
1981 2113 2067 2169 rmu-

715 2200 813 2257 mentis
832 2208 860 2255 et
878 2203 1067 2259 construendis
1086 2205 1196 2261 tabulis.
1228 2208 1271 2261 Er
1291 2207 1323 2260 iis
1338 2207 1396 2275 jem
1416 2203 1621 2275 ldphemerides,
1641 2202 1722 2271 longo
1741 2201 1827 2270 magis
1840 2216 1924 2268 quam
1937 2196 2068 2265 ingenioso

713 2280 817 2349 labore,
837 2280 935 2336 confici
953 2290 1077 2349 possunt.
1114 2284 1178 2337 Etsi
1194 2284 1277 2354 igitur
1295 2286 1361 2339 mibi
1380 2285 1480 2338 desunt
1498 2283 1638 2351 adjutores
1656 2282 1761 2350 Pregne
1779 2288 1815 2333 'ex
1833 2277 1997 2345 Germanis,
2014 2274 2068 2345 quia

713 2366 805 2414 tamen
826 2358 884 2427 jam
910 2360 1015 2428 pridem
1041 2363 1144 2431 placuit
1162 2364 1373 2433 typographiam
1392 2365 1526 2418 Venetam
1544 2370 1572 2418 et
1590 2360 1655 2429 quie
1672 2368 1703 2414 tu
1722 2360 1890 2415 exercitatus
1909 2373 1954 2412 es:
1979 2370 2028 2425 age
2043 2360 2068 2407 tn

714 2439 806 2507 capias
829 2438 883 2493 hoc
907 2438 1008 2495 laboris
1032 2441 1171 2497 residuum
1195 2452 1224 2497 et
1242 2444 1439 2512 Ephemerides
1463 2460 1496 2498 ex
1520 2442 1587 2497 meis
1611 2441 1711 2496 tabulis
1730 2446 1890 2507 construas,
1917 2445 1950 2492 ut
1968 2432 2068 2504 cripui

715 2516 914 2587 Ephemerides
932 2517 1119 2575 miscellaneae
1137 2537 1207 2590 pure
1219 2522 1382 2592 Tychonieis
1401 2530 1430 2579 et
1446 2521 1578 2587 perfectis
1591 2519 1765 2575 offuscamur.
1796 2515 1839 2573 Ad
1853 2516 1927 2571 hanc
1938 2528 1997 2569 rem
2009 2526 2067 2581 opus

714 2596 794 2653 nobis
812 2598 865 2651 erit
883 2598 1023 2668 societate,
1041 2603 1205 2655 auctoritate
1223 2604 1429 2669 magistratuum
1447 2600 1574 2670 ineunda,
1592 2598 1698 2669 legibus
1716 2604 1743 2651 et
1754 2592 1930 2651 cerdonibus
1943 2590 2066 2647 sufficien-

714 2674 789 2729 tibus
813 2675 992 2744 stahilienda,
1015 2682 1047 2731 ut
1064 2685 1094 2731 tu
1113 2677 1179 2731 mibi
1195 2677 1301 2733 idoneis
1318 2678 1467 2749 praedibus
1486 2694 1582 2734 careas
1600 2678 1628 2732 in
1648 2673 1793 2731 Germania
1810 2671 2002 2739 versantibus,
2026 2682 2067 2737 03⁰

717 2752 767 2806 tibi
786 2751 879 2809 itidem
897 2754 1044 2823 praedibus
1061 2754 1089 2807 in
1108 2754 1188 2810 Italia
1205 2758 1386 2813 versantibus.
1424 2758 1535 2812 Sumtus
1553 2756 1588 2811 ad
1607 2753 1815 2825 imprimendum
1833 2750 1888 2822 ipsi
1907 2748 2066 2805 contemni

716 2830 751 2885 ad
770 2832 899 2899 aequales
918 2832 1073 2902 portiones,
1093 2832 1257 2903 exemplaria
1274 2834 1301 2889 in
1321 2848 1463 2889 commune
1481 2832 1641 2902 vendamus,
1661 2840 1691 2888 tu
1710 2830 1852 2909 dimidium
1869 2827 2007 2893 Venetiis,
2024 2839 2065 2893 ege

717 2907 856 2962 dimidium
880 2910 1067 2966 Francoiurdi.
1104 2912 1239 2967 Venturae
1262 2912 1379 2982 pretium
1404 2914 1431 2966 in
1456 2928 1597 2967 commune
1615 2910 1766 2980 solvamus,
1792 2909 1883 2981 pretia
1904 2905 2066 2963 veneriae

713 2985 894 3041 Francosurdi
913 2988 1042 3056 collecta,
1072 2996 1102 3043 ut
1120 3002 1202 3044 uuam
1218 3005 1323 3044 cassam
1342 2989 1377 3045 ad
1395 2990 1520 3059 aequalia
1539 2989 1699 3044 dividamus.
1734 2985 1941 3058 Typograpbus
1958 2980 2065 3039 venedis

716 3064 866 3120 Germanos
884 3073 912 3121 et
929 3068 1015 3121 italos
1033 3067 1134 3121 habeat
1152 3068 1303 3133 ministros,
1328 3070 1391 3123 illos
1408 3084 1496 3123 meam
1515 3068 1597 3122 fidem
1615 3072 1740 3137 secutos,
1765 3068 1817 3123 bos
1836 3073 1927 3133 tuam,
1951 3070 1983 3119 ut
1999 3060 2064 3116 nobis

714 3150 822 3197 constet
845 3144 879 3199 de
902 3160 1016 3201 numero
1040 3145 1246 3215 exemplarium.
1281 3148 1405 3201 Societas
1428 3154 1551 3201 transeat
1576 3146 1610 3201 ad
1630 3147 1773 3217 utriusque
1791 3152 1918 3201 nostrum
1938 3140 2063 3199 haeredes

714 3221 744 3277 Si
765 3221 862 3277 minori
885 3226 976 3293 pretio
999 3224 1117 3293 imprimi
1139 3232 1269 3293 poterunt
1287 3224 1468 3281 Francofurdi
1493 3241 1575 3293 qnam
1594 3225 1730 3294 venetiis,
1756 3232 1824 3293 typo
1843 3238 1933 3291 aeque
1952 3217 2063 3291 eleganti,

711 3301 893 3358 Franeofurdi
910 3303 1110 3371 imprimantur.

818 3381 983 3451 liujusmodi
1001 3380 1076 3449 leges
1094 3380 1117 3435 si
1135 3380 1185 3436 tibi
1204 3378 1331 3449 placeant
1350 3388 1378 3435 et
1395 3379 1494 3449 quibus
1513 3380 1575 3436 aliis
1593 3381 1645 3437 erit
1663 3397 1746 3451 opns,
1768 3380 1905 3449 rescribe,
1933 3387 1965 3437 ut
1981 3393 2063 3435 consu-

712 3460 800 3517 lamus
820 3468 934 3531 uterque
952 3460 1095 3527 peritiores
1114 3457 1278 3527 tandemque
1296 3457 1330 3512 ad
1350 3474 1419 3528 opus
1438 3460 1618 3529 accingamur.

818 3540 880 3593 Iluc
905 3552 992 3605 usque
1018 3552 1052 3590 ex
1077 3535 1170 3591 codiee
1188 3536 1373 3590 Pullrovionsi.
1410 3536 1472 3590 Jam
1491 3544 1584 3592 textus
1602 3535 1707 3607 blagini
1727 3536 1968 3609 (supplementum
1986 3536 2064 3607 Ephe

713 3616 856 3683 meridum]
876 3617 944 3671 haee
963 3616 1044 3671 adert
1061 3614 1173 3684 Kepleri
1191 3616 1274 3668 verba
1292 3614 1429 3684 ipsissima
1447 3616 1556 3683 Magino
1575 3616 1653 3670 data:

818 3716 850 3777 Si
873 3718 935 3778 fieri
960 3724 1059 3795 posset
1082 3723 1114 3775 ut
1137 3718 1210 3775 inter
1233 3733 1286 3775 nos
1308 3716 1405 3775 solida
1428 3725 1457 3775 et
1478 3716 1536 3776 fida
1550 3726 1579 3777 et
1594 3726 1659 3776 tuta
1673 3720 1827 3791 societate,
1852 3721 2065 3795 magistratuum

713 3807 887 3865 auctoritate
910 3804 1055 3876 stabilita,
1080 3803 1287 3880 premerides
1311 3806 1456 3862 communi
1480 3807 1611 3877 nomine,
1636 3822 1701 3865 rueo
1726 3813 1824 3865 tamen
1848 3806 1981 3881 arbitrio,
2004 3804 2065 3865 ede·

713 3909 810 3951 remus
834 3900 863 3951 ct
884 3901 998 3951 sumtus
1023 3893 1078 3967 ipsi
1102 3892 1131 3948 in
1154 3907 1306 3950 commune
1330 3890 1491 3951 laceremus
1514 3889 1741 3971 (exemplaribus
1763 3893 1801 3951 ad
1818 3892 1964 3954 haeredes
1979 3904 2063 3953 unns·

713 3976 837 4057 missis),
869 3996 992 4054 quorum
1017 3977 1090 4037 illud
1114 3976 1277 4038 vendibiles
1300 3978 1409 4037 iaceret
1432 3977 1523 4038 libros
1546 3989 1663 4056 propter
1687 3982 1840 4056 utriusque
1862 3980 1991 4055 famam,
2018 3981 2066 4039 hee

713 4065 751 4124 ad
781 4083 840 4125 rem
871 4065 1038 4143 augendam
1070 4065 1187 4124 taceret.
1235 4064 1274 4123 At
1304 4071 1334 4123 ut
1365 4065 1419 4124 tibi
1443 4065 1478 4124 de
1501 4084 1547 4125 rne
1571 4068 1756 4125 securitatem
1780 4077 1934 4143 praestare
1957 4070 2066 4146 possim,

713 4152 826 4224 neseio,
858 4155 908 4226 qui
931 4162 962 4210 tu
986 4152 1056 4210 mihi
1080 4152 1116 4210 dc
1140 4161 1168 4211 tc
1192 4152 1307 4226 tuisque
1329 4150 1507 4212 haeredibus
1530 4154 1640 4228 possis,
1671 4155 1727 4211 nisi
1751 4155 1780 4212 in
1805 4152 1998 4216 Germaniam
2019 4154 2065 4215 ad·

714 4241 815 4297 venias
839 4239 937 4313 ibique
962 4247 1076 4315 tempus
1099 4239 1220 4315 aliquod
1244 4238 1343 4298 teras?
1372 4238 1532 4316 Operarum
1556 4242 1674 4316 partitio
1698 4240 1773 4301 haec
1796 4250 1895 4317 esset,
1930 4252 1977 4317 ut,
2006 4243 2065 4317 quia

713 4341 768 4399 ego
800 4325 940 4385 decennio
972 4334 1034 4385 toto
1061 4326 1144 4385 haesi
1173 4327 1203 4382 in
1233 4324 1367 4384 eruendis
1395 4325 1591 4387 fundamentis
1615 4345 1650 4387 er
1675 4328 1938 4391 observationibus
1959 4330 2063 4399 Brahei,

713 4421 744 4468 tu
777 4412 864 4486 igitur
895 4430 930 4471 ex
961 4413 1007 4471 his
1036 4411 1145 4471 tabulis
1167 4418 1264 4472 motus
1287 4418 1338 4472 tuo
1360 4413 1462 4472 labore
1486 4423 1685 4490 computares,
1717 4414 1797 4491 quod
1821 4417 1941 4477 facilius
1963 4434 2061 4495 posses

713 4514 803 4572 quam
833 4500 988 4574 quisquam
1018 4498 1102 4558 elius.
1148 4499 1245 4560 Tuum
1274 4502 1361 4573 igitur
1392 4507 1436 4560 est
1465 4510 1531 4560 tuas
1561 4505 1710 4578 pensitare
1733 4501 1923 4566 conditiones
1946 4504 2061 4581 mihique

714 4600 802 4661 super
823 4584 870 4643 his
892 4594 972 4645 tuam
995 4588 1171 4647 sententiam
1194 4588 1315 4663 aperire.

813 4695 898 4758 Vale.
945 4702 996 4758 22.
1020 4699 1119 4759 Martii
1147 4702 1238 4760 1610.
1262 4701 1387 4776 Pragac.

1232 4812 1431 4874 Excellentlae
1453 4812 1536 4874 Tuae

1413 4926 1654 4988 officiosissimus

1755 5042 1809 5103 Jo.
1834 5043 1985 5121 Keplmtr

1703 5128 1730 5182 S.
1750 5127 1778 5179 c.
1798 5130 2038 5184 alintummas
