5575 6342
711 745 777 817 296
1121 748 1156 805 ln
1171 746 1271 804 librum
1288 744 1401 819 Kepleri
1419 745 1453 803 de
1469 745 1652 819 Logaritlrmls

717 943 903 987 numerorum
935 934 988 986 aut
1021 927 1218 1004 quantitatum
1249 924 1504 1003 aequidilierentes
1535 933 1604 987 sunt
1634 926 1810 1003 logarithmi.
1857 928 1887 985 2.
1916 932 1948 987 et
1970 927 2000 987 3.
2028 926 2071 987 Ex

716 1018 803 1075 trium
826 1014 1087 1090 proportionalium
1108 1013 1293 1090 logarithmis
1317 1012 1438 1091 duplum
1460 1012 1581 1074 secundi
1603 1031 1656 1076 seu
1679 1013 1777 1088 medii,
1800 1015 1948 1075 minutum
1970 1014 2071 1093 primo,

716 1110 861 1180 aequatur
882 1104 978 1175 tertio,
1002 1111 1031 1161 et
1054 1101 1174 1178 duplum
1197 1101 1319 1163 secundi
1342 1108 1488 1179 aequatur
1506 1109 1666 1179 aggregato
1690 1108 1896 1164 extremorum.
1936 1104 1967 1163 4.
1991 1109 2022 1163 ct
2044 1103 2071 1161 b.

717 1190 763 1250 Ex
779 1191 799 1248 4
818 1189 1081 1267 proportionalium
1095 1188 1278 1265 logarithmis
1301 1197 1493 1265 aggregatum
1509 1189 1630 1248 secundi
1653 1197 1682 1250 et
1697 1191 1784 1262 tertii,
1807 1190 1955 1250 minutum
1970 1183 2086 1268 primo,

714 1284 858 1355 sequatur
888 1284 1008 1352 quarto,
1043 1286 1072 1335 ct
1101 1285 1292 1353 aggregatum
1321 1276 1482 1336 mediorum
1509 1284 1653 1352 aequatur
1680 1285 1842 1354 aggregato
1866 1284 2070 1338 extremorum.

716 1366 745 1423 6.
766 1365 950 1440 Exquatuor
965 1366 1102 1422 continue
1116 1363 1379 1441 proportionalium
1393 1361 1576 1438 logarithmis
1592 1363 1709 1441 triplum
1724 1363 1896 1425 alterutrius
1911 1364 2071 1426 mediorum

714 1457 859 1529 aequatur
880 1458 1040 1527 aggregato
1063 1454 1184 1511 extremi
1207 1453 1309 1511 remoti
1333 1461 1362 1511 et
1384 1449 1466 1526 dupli
1490 1452 1586 1510 vicini.
1771 1514 1774 1521 ,

819 1536 903 1596 Haec
925 1540 1026 1615 paucis
1049 1536 1195 1597 illustrata
1216 1540 1348 1615 sequitur
1372 1537 1592 1614 ,Admonitio“,
1616 1541 1645 1596 in
1669 1555 1728 1616 qua
1752 1536 1822 1597 dicit
1838 1537 1984 1616 Neperus,
2008 1537 2071 1598 ideo

715 1643 747 1685 se
781 1627 829 1701 ,in
858 1631 974 1703 tempus
1002 1628 1097 1701 magis
1121 1624 1257 1684 idoneum
1280 1625 1441 1685 doctrinam
1465 1627 1688 1685 constructionis
1710 1624 1955 1702 logarithmorum
1978 1632 2070 1684 naus-

714 1712 861 1773 silientem
891 1711 929 1770 ad
959 1729 1058 1772 eorum
1089 1729 1173 1771 usum
1198 1729 1365 1790 properare,
1397 1721 1429 1771 ut
1451 1712 1622 1789 praelibatis
1644 1715 1726 1789 prius
1748 1728 1803 1771 usu
1827 1722 1857 1772 et
1880 1715 1924 1773 rei
1946 1711 2070 1773 utilitate

716 1808 814 1861 cetera
843 1807 895 1858 aut
926 1802 1020 1876 magis
1053 1799 1189 1877 placeant
1222 1799 1346 1876 posilrac
1378 1799 1508 1877 edenda,
1541 1810 1594 1859 aut
1623 1802 1719 1858 minus
1748 1799 1853 1859 saitem
1887 1798 2068 1876 displiceant,

715 1886 833 1947 silentio
862 1886 987 1963 sepulta.
1032 1886 1211 1946 Praesiolari
1241 1889 1316 1946 enim
1346 1886 1524 1946 eruditorum
1554 1886 1590 1947 dc
1618 1887 1663 1947 bis
1687 1887 1831 1963 judicium
1855 1894 1886 1945 et
1910 1903 2068 1960 censuram,

715 1977 888 2053 priusquam
912 1984 1017 2045 cetera,
1041 1976 1070 2031 in
1092 1973 1189 2034 lucem
1211 1981 1320 2035 temere
1334 1974 1460 2052 prolata,
1482 1972 1638 2034 lividorum
1661 1973 1833 2034 detractioni
1857 1978 2066 2050 expompant

717 2060 801 2137 Quae
833 2059 880 2119 his
909 2061 1062 2138 subjungit
1084 2060 1234 2137 Neperus,
1267 2061 1355 2138 plane
1383 2060 1422 2121 ad
1450 2077 1535 2119 usum
1557 2060 1796 2138 logarithmorum
1820 2070 1849 2120 et
1873 2064 1999 2120 canonis
2021 2061 2067 2121 de·

715 2149 901 2225 scriptionem
932 2150 1093 2225 pertinent,
1126 2150 1167 2208 ita
1199 2158 1232 2207 ut
1264 2151 1358 2209 omnia
1390 2147 1631 2224 logarithmorum
1663 2148 1776 2211 theoria
1805 2165 1857 2208 sex
1888 2150 2007 2226 paginis
2036 2151 2070 2209 sit

717 2234 864 2296 absoluta.

820 2322 854 2381 In
886 2322 943 2383 linc
973 2322 1061 2399 hujus
1092 2321 1315 2382 introductionis
1341 2321 1415 2383 hacc
1445 2321 1620 2383 concludens
1649 2321 1719 2382 dicit
1746 2322 1894 2400 Neperus,
1928 2321 1968 2381 ad
2000 2339 2068 2399 quaa

714 2408 862 2487 Keplerus
891 2412 921 2468 in
947 2409 1180 2486 ,Dedicatione“
1207 2407 1409 2488 Ephemeridis
1437 2408 1476 2469 ad
1498 2427 1607 2469 annum
1632 2412 1724 2470 1620.
1755 2410 1796 2487 (v.
1821 2409 1908 2485 infra)
1940 2412 2067 2489 respicit:

715 2497 795 2558 Satis
817 2514 886 2574 ergo
898 2497 962 2575 jam
978 2505 1127 2558 ostensum
1144 2504 1196 2569 est,
1220 2498 1299 2574 quod
1316 2499 1383 2570 sint,
1407 2497 1477 2574 quid
1493 2500 1551 2556 sint
1574 2508 1603 2557 et
1619 2498 1702 2574 cujus
1724 2513 1795 2555 usus
1810 2499 1869 2557 siut
1893 2497 2066 2574 logarithmi.

714 2585 823 2644 Eorum
840 2587 917 2643 enim
932 2584 1073 2645 beneficio
1089 2586 1201 2662 absque
1217 2583 1477 2662 multiplicationis,
1499 2584 1652 2644 divisionis
1669 2593 1721 2644 aut
1734 2583 1865 2643 radicum
1882 2585 2068 2645 extractionis

714 2671 852 2731 molestia
889 2675 983 2731 omnis
1017 2676 1212 2750 geometricae
1249 2675 1431 2750 quaestionis
1467 2671 1642 2731 solutionem
1677 2670 1842 2747 logisticam
1875 2674 2069 2749 promtissime

715 2758 856 2830 exhiberi,
879 2768 941 2819 tum
956 2760 1119 2838 apodictica
1135 2759 1407 2833 demonstravimus,
1431 2768 1492 2819 tum
1508 2759 1649 2837 exemplis
1666 2762 1818 2842 utriusque
1834 2760 2069 2836 trigonometrise

717 2846 881 2906 docuimus.
919 2847 1099 2907 Promissum
1116 2849 1214 2923 itaque
1230 2846 1381 2905 mirificum
1397 2845 1636 2922 logarithmorum
1652 2863 1792 2907 canonem
1815 2846 1934 2906 habetis
1951 2847 2068 2925 ejusque

716 2933 926 3010 amplissimum
942 2952 1042 2993 usum:
1067 2950 1145 3011 quae
1166 2936 1191 2993 si
1214 2934 1299 2992 vobis
1322 2933 1527 2994 eruditioribus
1548 2942 1633 3010 grata
1655 2936 1716 2995 lore
1739 2951 1775 2993 ex
1797 2936 1949 3012 rescriptis
1971 2937 2069 2994 resins

716 3020 903 3093 intellexero,
936 3024 1052 3081 aninrns
1080 3020 1151 3080 mihi
1180 3020 1302 3080 addetur
1329 3021 1367 3080 ad
1397 3021 1516 3082 tabulae
1539 3021 1707 3083 condendae
1730 3020 1901 3081 methodum
1924 3024 1956 3081 in
1979 3021 2068 3083 lucem

716 3109 804 3168 etiam
827 3108 1039 3185 proterendam.

824 3196 910 3255 Anno
928 3197 1021 3256 1619.
1037 3195 1199 3273 Edinburgi
1223 3204 1252 3255 et
1274 3212 1351 3255 anno
1370 3197 1462 3254 1620.
1481 3194 1617 3273 Lugduni
1641 3194 1763 3275 prodiit:
1787 3193 1906 3256 Mirificl
1928 3194 2068 3273 logarith-

716 3298 829 3341 morum
853 3282 982 3343 (iunonis
1005 3282 1242 3344 Constructio
1267 3292 1295 3343 et
1319 3300 1418 3344 corum
1441 3282 1479 3342 ad
1502 3282 1650 3343 naturales
1673 3285 1802 3362 ipsorum
1823 3299 1965 3343 numeros
1989 3283 2068 3343 habi·

717 3369 845 3450 tudines,
869 3387 928 3429 uua
950 3388 1015 3430 cum
1038 3369 1199 3449 appendice
1222 3370 1258 3430 do
1281 3369 1341 3430 alia
1363 3386 1458 3446 eaque
1480 3370 1689 3449 praestantiore
1711 3368 1955 3447 logarithmorum
1978 3372 2068 3450 specle

717 3456 880 3518 condenda.
931 3457 1045 3534 Quibus
1079 3475 1228 3518 accessere
1261 3459 1476 3535 propositiones
1507 3456 1544 3515 ad
1577 3456 1724 3533 triangula
1757 3457 1911 3537 sphaerica
1944 3458 2068 3519 taediare

717 3542 831 3605 calculo
861 3546 1042 3606 resolvenda.
1089 3543 1155 3605 Una
1178 3563 1243 3604 cum
1266 3543 1506 3604 annotationibus
1529 3543 1643 3621 aliquot
1666 3544 1826 3605 doctissimi
1849 3545 1887 3603 D.
1911 3543 2067 3605 Hearici

715 3632 779 3691 Bri
787 3649 808 3708 g
816 3634 872 3709 gii
895 3635 925 3692 in
947 3651 1007 3694 aas.
1047 3633 1139 3692 Filius
1153 3631 1280 3693 dosunis
1295 3632 1412 3711 Nepcri‚
1437 3631 1592 3702 Robertus,
1616 3633 1645 3690 in
1668 3633 1850 3712 praelatione
1874 3631 1957 3706 dicit,
1981 3633 2068 3713 ipsum

716 3724 866 3781 auctorem
890 3721 960 3782 huic
983 3720 1123 3799 opusculo
1148 3728 1307 3780 extremam
1329 3736 1447 3778 manum
1470 3736 1527 3778 non
1551 3721 1726 3798 imposuisse
1733 3767 1743 3800 ,
1766 3721 1905 3780 babuisse
1930 3737 2002 3781 vero
2023 3736 2069 3799 per

715 3808 830 3885 aliquot
854 3827 946 3870 annos
971 3811 1180 3886 conscriptum,
1217 3825 1270 3867 nec
1300 3824 1332 3865 se
1363 3806 1514 3880 dubitare,
1551 3810 1640 3884 ,quin
1671 3816 1755 3886 pater
1788 3807 1844 3867 hoc
1875 3823 1952 3884 opus
1983 3806 2067 3866 mnllo

717 3896 874 3973 perfectius
904 3908 932 3956 et
961 3896 1089 3955 limatius
1119 3897 1148 3952 in
1178 3895 1272 3954 lucem
1303 3893 1460 3966 edidisset,
1494 3896 1517 3951 si
1542 3895 1622 3954 Deus
1652 3895 1813 3971 longiorem
1843 3896 1923 3954 vitae
1956 3911 2067 3955 usuram

717 3985 939 4042 concessisset.“
990 3982 1147 4043 Addidisse
1177 4000 1208 4041 se
1234 3982 1471 4057 „lucubrationes
1494 3980 1626 4059 aliquot“
1651 3982 1770 4041 chricl
1795 3982 1904 4059 Briggii
1928 3982 1960 4040 in
1984 3982 2068 4060 patris

715 4071 930 4146 propositiones
952 4070 990 4130 ad
1013 4072 1259 4146 trigonomctrism
1282 4069 1463 4147 sphaericam
1486 4072 1679 4146 pertinentes,
1714 4086 1768 4129 nec
1797 4087 1855 4128 non
1880 4068 1918 4127 ad
1946 4086 2067 4145 „noram

715 4155 955 4230 logarithmorum
986 4161 1148 4235 speciem“,
1181 4176 1200 4217 a
1226 4166 1309 4235 patre
1336 4158 1501 4229 inventam,
1536 4158 1565 4215 in
1596 4175 1655 4234 qua
1685 4159 1849 4215 unitatis
1880 4155 2067 4234 logarith-

715 4245 857 4302 messit
881 4261 907 4302 o.

821 4330 856 4387 ln
886 4330 943 4390 hoc
971 4330 1045 4389 libro
1075 4350 1125 4403 ea,
1160 4348 1237 4409 quae
1266 4331 1359 4407 prima
1389 4328 1479 4389 editio
1508 4328 1544 4388 de
1574 4330 1829 4407 proportionaliter
1857 4329 2016 4390 crescendo
2042 4338 2068 4389 et

717 4414 911 4477 decrescendo
936 4426 965 4479 et
990 4418 1108 4491 „flrrxo“
1133 4420 1233 4496 puncti
1257 4420 1359 4495 paucis
1382 4418 1479 4476 verbis
1503 4420 1611 4493 tangit,
1646 4418 1779 4495 pluribus
1801 4420 1831 4474 in
1853 4417 1932 4476 lrunc
1956 4416 2067 4477 modum

716 4502 906 4580 explicantur.
952 4504 1079 4563 Primum
1109 4505 1329 4580 distinguuntur
1355 4503 1460 4562 rnodna
1483 4504 1629 4563 crescendi
1660 4505 1881 4580 ,artmmcticet
1915 4512 1947 4563 et
1968 4504 2066 4565 modus

715 4589 900 4651 decrescendi
926 4594 1151 4669 ,geometriee“.
1199 4592 1410 4667 „Aritbmctice
1440 4607 1568 4650 crescere
1599 4600 1661 4665 est,
1692 4592 1866 4669 aequalibus
1890 4593 2067 4670 temporibus

714 4677 832 4754 aequali
851 4698 965 4758 semper
980 4682 1143 4758 quantitate
1159 4681 1269 4756 angeri,
1294 4681 1469 4755 geometrice
1484 4678 1650 4738 decrescere
1663 4686 1717 4753 est,
1741 4677 1915 4756 aequalibus
1932 4680 2066 4757 ternpori·

714 4764 771 4823 bus
788 4769 980 4841 quantitatem
1003 4770 1096 4844 primo
1111 4774 1213 4839 totam,
1237 4766 1305 4826 inde
1328 4765 1416 4825 aliam
1439 4775 1527 4842 atquc
1551 4765 1638 4824 aliam
1661 4766 1725 4842 ejus
1748 4774 1858 4843 partem
1883 4768 2065 4842 superstitem

714 4851 803 4910 simili
835 4871 950 4931 semper
979 4854 1189 4931 proportionali
1219 4863 1301 4929 parte
1329 4853 1481 4911 diminui.“
1528 4852 1562 4910 In
1592 4853 1669 4913 linea
1690 4853 1729 4911 bd
1760 4851 1900 4929 procedat
1930 4861 2064 4929 punctum

716 4938 935 5013 ,arithmetice“
961 4960 980 5000 a
1012 4943 1156 5001 bvcrsus
1181 4940 1215 5013 d,
1250 4949 1280 4999 et
1309 4942 1337 4997 in
1368 4941 1446 5000 linea
1474 4940 1521 4999 'i'S
1552 4942 1619 5017 (sin.
1646 4942 1713 5014 tot.)
1748 4949 1900 5000 moveatur
1931 4948 2064 5017 pnncwm

713 5024 824 5085 ean
857 5030 885 5084 in
915 5036 928 5087 1
955 5045 1056 5088 versus
1084 5029 1104 5088 S
1130 5029 1367 5105 ,geometricc“,
1398 5034 1567 5105 quantoque
1596 5036 1725 5105 tempore
1749 5027 1876 5088 defertur
1898 5026 1960 5085 aT
1989 5029 2018 5086 ln
2050 5030 2063 5084 l

713 5112 754 5193 (v.
780 5132 804 5174 c.
832 5111 886 5196 'lm
910 5113 982 5193 TS),
1018 5124 1098 5175 tanto
1126 5117 1203 5177 idem
1227 5114 1254 5173 G
1283 5125 1413 5191 tempore
1440 5125 1594 5175 moveatur
1616 5117 1654 5174 ab
1682 5119 1695 5174 l
1728 5117 1756 5171 in
1781 5121 1799 5174 2
1824 5110 1891 5197 Ul„
1921 5113 1959 5173 de
1985 5119 1999 5173 i
2022 5113 2063 5187 S),

713 5202 827 5261 siin
852 5204 870 5262 3
894 5198 964 5286 Ol„
995 5202 1030 5264 de
1055 5207 1073 5261 2
1097 5201 1132 5279 S)
1157 5212 1211 5264 etc.
1242 5198 1368 5286 (Lincae
1391 5202 1455 5278 TS,
1484 5201 1623 5283 iS,2S,
1647 5211 1701 5264 etc.
1726 5201 1861 5263 dicuntur
1883 5196 1993 5287 sinus).
2035 5200 2064 5262 Si
