5575 6342
1064 766 1125 825 Lib.
1142 765 1195 825 111.
1228 766 1271 823 De
1290 765 1533 837 significationibus
1550 772 1726 825 nomam.
2012 768 2078 837 137

717 949 831 1013 animal
845 951 951 1030 ipsum,
974 962 1071 1026 aequo
1091 954 1190 1011 tamm
1213 950 1312 1009 animo
1335 951 1484 1026 exspecto,
1507 952 1625 1026 propter
1647 963 1769 1027 scopum
1792 949 1934 1027 optimum
1957 945 2077 1010 divinae

718 1036 933 1120 providentiae.
977 1037 1023 1099 Ex
1051 1053 1110 1114 quo
1141 1043 1171 1099 et
1197 1034 1343 1097 similibus
1363 1031 1514 1112 judicandi
1538 1041 1635 1113 partes
1659 1036 1760 1111 vobis,
1795 1037 1917 1112 curiosi,
1950 1037 2075 1110 remitto,

718 1135 784 1189 ater
812 1144 852 1187 an
881 1125 975 1196 albus
998 1125 1085 1185 vobis
1113 1122 1224 1185 videar.
1269 1124 1405 1200 Denique
1434 1139 1470 1183 ex
1494 1124 1579 1183 vobis
1601 1122 1729 1183 vicissim
1752 1140 1877 1201 quaero,
1912 1125 1963 1201 qni
1985 1125 2077 1203 pertis

718 1215 889 1276 alterutrius
903 1221 986 1273 tanto
1001 1210 1098 1272 studio
1114 1213 1261 1285 tenemini,
1278 1211 1374 1289 qualis
1389 1211 1474 1271 vobis
1488 1210 1624 1271 videatur
1636 1209 1728 1270 Onias
1744 1210 1794 1272 ille
1810 1211 1889 1289 apud
1900 1210 2076 1289 Josepbnm,

718 1309 783 1363 ater
805 1319 844 1362 an
865 1300 961 1377 albus,
984 1299 1088 1378 vulpes
1111 1317 1148 1359 an
1168 1297 1277 1378 lepus?
1305 1300 1368 1377 qui=
1378 1315 1443 1359 enm
1466 1314 1485 1357 a
1506 1297 1641 1367 Judaeis,
1663 1316 1762 1374 regem
1785 1316 1870 1359 suum
1892 1297 2076 1377 eundemque

718 1398 749 1450 et
775 1406 922 1449 summum
954 1385 1136 1448 saesrdotem
1168 1385 1369 1447 Aristobulum
1400 1385 1603 1447 obsidentibus
1632 1387 1662 1444 in
1692 1383 1819 1464 templo,
1852 1393 2015 1464 protractus
2045 1389 2076 1445 in

717 1484 816 1538 eastra
835 1474 988 1554 juberetur
1003 1474 1203 1536 Aristobulum
1226 1474 1295 1535 diris
1315 1473 1475 1553 devovere,
1496 1473 1540 1533 sio
1555 1479 1690 1552 precatus
1713 1490 1778 1534 esse
1801 1475 1943 1549 scribitur,
1967 1475 2075 1553 quippe

718 1566 832 1643 preeuri
855 1569 990 1625 eoaetus:
1023 1563 1107 1623 Deus
1129 1563 1256 1623 universi
1280 1561 1368 1638 buJus
1390 1559 1579 1636 munditer,
1606 1562 1746 1637 quoniam
1768 1568 1796 1622 et
1818 1561 1864 1634 bi,
1888 1565 1937 1639 qui
1961 1579 2075 1621 meeum

716 1659 806 1726 stant,
830 1649 1152 1730 tuussnntpopulus,
1174 1651 1277 1726 etqui
1300 1654 1519 1729 oppugnantur,
1544 1650 1587 1708 tui
1610 1648 1777 1709 sacerdotes
1799 1654 1882 1722 sunt,
1905 1665 2017 1727 precor,
2040 1656 2075 1709 ut

716 1755 816 1816 neque
830 1738 887 1799 bos
909 1746 1010 1807 eontra
1024 1737 1100 1811 illos,
1123 1754 1219 1815 neque
1234 1736 1302 1797 illos
1323 1743 1425 1799 eontra
1446 1734 1634 1796 honorantes
1656 1735 1807 1797 exaudias.
1847 1737 1933 1797 Hunc
1955 1735 2074 1812 quidem

715 1825 828 1887 Judaei
851 1824 1000 1904 lapidibus
1023 1826 1189 1899 obruerunt,
1213 1831 1245 1884 at
1259 1823 1349 1900 Deus,
1373 1824 1504 1903 immisso
1524 1823 1666 1902 Pompeio
1690 1841 1755 1883 eum
1778 1826 1906 1885 exercitu
1929 1823 2073 1898 Romano,

716 1912 830 1974 bellum
852 1912 911 1974 boe
928 1915 972 1974 ita
992 1911 1143 1989 dissolvit,
1171 1920 1205 1973 ut
1225 1918 1331 1973 neutra
1351 1928 1419 1991 pars
1444 1912 1589 1988 vinceret,
1611 1919 1643 1972 at
1664 1918 1788 1989 utroquo
1812 1911 1921 1973 exilio
1943 1919 2073 1993 tompore

714 2000 862 2062 Romanis
882 2001 1014 2063 serviret.

1050 2189 1156 2254 sutis
1179 2190 1340 2253 LIBELLI
1361 2190 1500 2253 TERTII
1520 2190 1572 2252 ΕΤ
1594 2188 1740 2253 UL'l'IMI

931 2315 984 2377 de
1019 2313 1512 2394 significationibus
1549 2312 1858 2374 Cometarnm.

841 2455 988 2520 Absoluta
1012 2455 1109 2519 Linoii
1138 2462 1168 2518 ot
1198 2454 1236 2519 ad
1258 2453 1474 2534 typographum
1502 2453 1674 2514 transmissa
1700 2460 1769 2514 aunt
1799 2456 1849 2514 ll.
1877 2452 1950 2516 ldail

1269 2591 1348 2648 Anno
1365 2590 1519 2649 MDOXIX.
