5575 6342
1221 807 1347 878 Eelipses
1366 809 1430 865 anui
1452 810 1527 865 1630.
1550 806 1553 815 “
1986 812 2050 877 biit

865 990 1008 1064 Ejusdem
1030 988 1138 1050 soloris
1160 986 1284 1063 deliquii
1307 990 1473 1065 applicatio
1497 987 1539 1047 ad
1557 946 1627 1047 loco
1653 986 1764 1049 Terrae
1786 997 1879 1049 00030.

800 1101 846 1163 su
874 1105 967 1181 primo
997 1103 1082 1162 nobis
1112 1103 1307 1181 propositum,
1339 1103 1490 1179 explorare
1512 1101 1598 1162 fidem
1622 1102 1822 1163 antecedentis
1846 1103 1952 1163 calculi
1976 1106 2052 1164 eirca

698 1188 793 1251 100100
817 1189 960 1265 ultimum,
984 1193 1031 1249 eui
1054 1188 1106 1249 801
1127 1198 1206 1248 totus
1230 1207 1248 1246 a
1270 1189 1356 1248 Luna
1375 1199 1469 1249 tectus
1485 1190 1599 1250 occidit.
1639 1189 1793 1250 Iudicabat
1808 1200 1905 1250 autern
1921 1190 2052 1251 caleulos

698 1278 793 1338 dnum
808 1276 999 1352 Massilieum,
1024 1276 1053 1334 id
1077 1285 1121 1337 est
1143 1276 1326 1336 altitudinem
1348 1275 1484 1352 0011420
1506 1285 1534 1336 et
1557 1288 1687 1356 tempora
1710 1281 1883 1354 sequuturis
1900 1276 1934 1339 50
1949 1283 2001 1339 200
2023 1282 2054 1337 in

698 1381 843 1439 00000010,
867 1364 955 1442 16000
978 1365 1051 1424 bora
1073 1362 1284 1439 Uraniburgica
1310 1372 1336 1422 7.
1355 1367 1407 1426 530
1424 1368 1464 1424 600
1488 1366 1616 1443 aequali,
1638 1384 1690 1425 seu
1714 1368 1893 1443 temporibus
1913 1373 1982 1425 197.
2002 1371 2053 1427 33¹

698 1454 725 1511 iu
748 1450 791 1515 Μ.
816 1451 848 1512 C.
873 1455 1068 1524 versantibus,
1092 1451 1172 1529 quod
1195 1462 1240 1511 est
1263 1453 1291 1509 in
1315 1449 1486 1525 10001910,
1510 1455 1603 1512 utsii
1626 1455 1665 1512 ibi
1685 1470 1744 1513 ase.
1762 1454 1882 1530 obliqua
1897 1454 2053 1530 horoscopi
2166 1515 2171 1527 ,

698 1536 778 1601 2810
802 1542 862 1610 110,
886 1542 996 1600 oriente
1019 1535 1076 1599 200
1106 1540 1150 1611 s.
1197 1538 1270 1598 Cum
1294 1541 1381 1616 igitur
1405 1543 1433 1596 in
1456 1540 1553 1599 medio
1575 1540 1660 1599 fietus
1684 1549 1713 1600 et
1736 1558 1822 1600 verus
1846 1534 1929 1600 loeus'
1950 1541 2053 1601 Lunae

698 1625 895 1701 sulutiderint,
919 1644 958 1690 00.
976 1626 1030 1687 190
1047 1629 1098 1686 340
1115 1625 1176 1686 3400
1195 1627 1244 1701 Π,
1268 1623 1453 1686 intervallum
1478 1645 1548 1687 vero
1572 1630 1611 1686 sit
1635 1646 1727 1705 usque
1750 1628 1788 1686 ad
1803 1630 1860 1688 boe
1874 1638 2054 1687 momentum

698 1714 725 1775 b.
754 1722 783 1775 1.
809 1714 860 1775 300
883 1716 961 1774 320οε
986 1714 1105 1774 ductum
1127 1712 1184 1772 boc
1207 1717 1235 1771 in
1259 1733 1360 1774 verum
1383 1714 1530 1774 berarium
1553 1709 1595 1795 Q
1621 1714 1670 1776 340
1689 1716 1728 1775 400
1751 1728 1830 1775 creat
1854 1719 1905 1775 510
1927 1717 1998 1787 2400,
2023 1726 2054 1774 ut

698 1802 737 1863 01ι
753 1802 819 1879 jam
841 1796 883 1882 Q)
907 1803 936 1860 in
960 1802 1017 1861 200
1034 1804 1086 1862 250
1103 1800 1165 1861 5300
1187 1803 1225 1876 Π
1250 1803 1372 1875 orbitae,
1397 1801 1507 1861 distans
1530 1823 1548 1861 a
1571 1802 1648 1860 0000
1675 1803 1707 1862 70
1723 1808 1785 1874 270,
1809 1802 1889 1880 0000
1912 1803 1962 1863 dat
1984 1803 2054 1862 lati-

698 1887 832 1967 tudinem
849 1886 900 1949 410
920 1893 982 1949 1300
1005 1898 1089 1966 sept,
1113 1888 1310 1948 reductionem
1328 1893 1355 1947 10
1373 1892 1442 1963 5500,
1466 1890 1625 1965 quaejam
1648 1898 1692 1949 est
1714 1892 1752 1950 ab
1776 1893 1839 1968 ipso
1863 1891 1928 1950 loeo
1951 1891 2054 1950 Lunae

698 1978 727 2037 lu
752 1978 848 2037 orbita
871 1975 1083 2050 subtrahenda,
1113 1979 1222 2052 quippe
1245 1984 1312 2052 post
1334 1976 1458 2051 nodum,
1489 1987 1521 2035 ut
1543 1987 1659 2036 maneat
1683 1977 1765 2037 loeus
1788 1977 1940 2055 eclipticus
1964 1982 2054 2037 centri

699 2060 759 2125 900
775 2067 827 2124 240
842 2065 885 2123 300
901 2065 951 2138 Π.
988 2062 1066 2123 80110
1089 2081 1158 2122 vero
1182 2064 1264 2122 loeus
1287 2074 1356 2123 tunc
1379 2073 1423 2123 est
1449 2063 1504 2123 190
1526 2066 1578 2125 390
1594 2068 1663 2137 5000,
1688 2069 1836 2141 superatio
1859 2082 1928 2141 ergo
1954 2065 2054 2125 Lunae

701 2154 756 2213 440
781 2152 854 2211 1300.
899 2151 937 2209 Et
958 2150 1115 2229 prodiisset
1137 2150 1255 2223 eadem,
1284 2154 1308 2209 01
1333 2150 1370 2210 ad
1393 2160 1523 2211 tenorem
1546 2155 1693 2230 praecepti
1717 2170 1795 2214 num.
1822 2159 1849 2213 5.
1873 2152 1990 2213 horario
2013 2148 2055 2233 Q)

699 2256 718 2300 a
745 2239 785 2317 Θ
810 2246 838 2299 et
861 2237 939 2299 Solis
961 2238 1027 2298 loeo
1049 2240 1193 2298 invariato
1216 2240 1321 2298 luisses
1346 2256 1424 2297 usus.

805 2324 864 2385 Pro
895 2325 1094 2404 parallaxibus
1123 2334 1220 2385 essent
1247 2327 1309 2402 iam
1340 2326 1475 2385 addenda
1499 2329 1684 2403 aequationis
1710 2326 1898 2404 Tyehonieae
1924 2336 2057 2405 tempora

699 2412 775 2471 0.55
806 2412 844 2472 sd
873 2430 931 2472 asc.
960 2413 1110 2490 obliquam
1139 2416 1319 2490 propositam
1342 2416 1552 2488 (astronomica
1575 2415 1695 2474 adderet
1720 2410 1785 2496 ¹¹¹''ar
1809 2415 1933 2492 physica
1957 2412 2056 2496 772¹),

700 2498 755 2559 sed
778 2498 808 2557 id
831 2499 887 2559 bae
910 2503 973 2560 viee
996 2500 1152 2578 negligam,
1176 2503 1356 2577 quinetiam
1378 2503 1467 2577 priori
1491 2502 1604 2562 calculo
1629 2502 1766 2578 aequalia
1782 2512 1914 2580 tempora
1930 2502 2055 2562 suerunt.

699 2586 745 2647 sn
767 2587 858 2663 igitur
880 2604 938 2647 asc.
963 2588 1084 2664 obliqua
1107 2606 1182 2664 quae
1204 2590 1284 2664 prius
1307 2598 1336 2647 et
1358 2591 1468 2648 oriatur
1494 2588 1549 2648 190
1565 2590 1615 2649 500
1643 2588 1687 2660 l,
1712 2598 1756 2648 est
1777 2590 1867 2665 igitur
1888 2590 1977 2664 hujus
2000 2607 2055 2648 sn·

698 2672 787 2751 gulus
818 2674 872 2733 sub
901 2676 951 2734 alt.
980 2675 1040 2751 poli
1067 2675 1123 2734 490
1145 2677 1257 2734 circiter
1282 2674 1338 2734 470
1362 2679 1423 2749 380,
1454 2677 1517 2751 ejus
1547 2677 1606 2753 log.
1631 2682 1754 2750 30266,
1786 2677 1907 2753 antilog.
1933 2683 2058 2752 394713

699 2761 925 2838 quibusaddito
941 2764 1051 2822 eossiee
1067 2758 1306 2842 0010110100οᾢ
1323 2783 1342 2822 a
1357 2760 1399 2843 Θ
1417 2768 1468 2822 600
1486 2767 1549 2823 1300
1568 2764 1742 2841 logarithmo
1759 2765 1894 2840 logistieo
1912 2764 1966 2841 (-
1984 2770 2056 2837 334,

698 2851 873 2926 privativo),
896 2851 1017 2909 veniunt
1032 2856 1137 2910 29932
1155 2860 1182 2908 et
1201 2856 1317 2922 39137,
1342 2851 1528 2911 ostendentes
1552 2853 1582 2909 iu
1603 2852 1811 2929 heptacosiade
1835 2852 1999 2929 parallaxes
2014 2847 2057 2932 Q

699 2931 795 3017 ιΘ,
820 2936 1011 3013 longitudinis
1033 2938 1244 2996 horizontalem
1268 2941 1320 2997 440
1344 2938 1416 3011 2300,
1441 2938 1602 2998 latitudinis
1628 2940 1678 2999 400
1703 2942 1774 3013 3400,
1798 2939 1952 3015 aequales,
1977 2940 2056 2997 illam

699 3026 884 3102 superationi
907 3023 963 3084 loci
986 3025 1089 3085 Lunae
1113 3028 1189 3099 veri,
1213 3026 1289 3085 banc
1311 3025 1458 3085 latitudini
1484 3044 1570 3085 verae
1593 3036 1639 3085 sat
1660 3029 1839 3104 propinque:
1863 3045 1956 3103 neque
1981 3030 2057 3086 enim

699 3113 786 3188 prius
809 3128 870 3170 000.
895 3111 1030 3188 obliqua,
1052 3130 1107 3172 nee
1130 3111 1180 3171 alt.
1204 3113 1264 3189 poli
1288 3121 1422 3173 accurrate
1445 3114 1561 3173 l'uerunt
1584 3118 1744 3189 quaesitae.
1790 3114 1958 3189 Requiritur
1980 3116 2058 3172 enim

699 3196 748 3258 bie
773 3199 822 3275 (ut
843 3197 930 3277 plane
954 3199 1088 3258 centralis
1111 3200 1148 3258 sit
1171 3201 1352 3276 conjunctio)
1376 3200 1425 3259 alt.
1450 3201 1510 3276 poli
1533 3202 1621 3277 patrio
1645 3203 1746 3277 major,
1770 3219 1793 3260 e.
1819 3199 1957 3276 420500,
1983 3201 2056 3260 6000

701 3284 868 3365 paralluin
892 3289 980 3346 etiam
1003 3286 1165 3346 latitudinis
1187 3289 1342 3364 majorem,
1366 3305 1402 3347 ae
1423 3287 1544 3363 proinde
1567 3287 1758 3365 longitudinis
1781 3291 1930 3347 minorem.

749 3425 947 3502 computatio
977 3426 1110 3499 ejusdem
1139 3428 1253 3502 eclipsis
1278 3446 1337 3502 pro
1373 3427 1493 3486 Vienna
1520 3429 1677 3499 Ateste-iae,
1709 3426 1775 3484 sede
1805 3423 2013 3501 Imperatoris,

1267 3514 1395 3574 Domini
1418 3518 1485 3576 mei.

807 3622 904 3684 Locus
928 3633 972 3685 0οι
990 3631 1028 3686 12
1046 3643 1071 3685 e.
1094 3628 1273 3705 temporibus
1290 3626 1458 3685 orientalior
1472 3626 1532 3699 illo,
1556 3630 1601 3687 eui
1618 3626 1670 3686 801
1686 3633 1781 3685 tectus
1797 3625 1912 3698 oceidit,
1938 3623 2058 3684 eodem-

700 3728 759 3791 que
792 3714 882 3772 etium
907 3717 925 3773 5
948 3712 1088 3789 gradibus
1117 3714 1379 3790 septentrionalior.
1427 3714 1504 3791 Ergo
1533 3714 1672 3789 conjectis
1696 3713 1787 3773 oculis
1811 3717 1840 3770 in
1864 3720 2003 3791 punctum
2027 3713 2057 3785 S,

701 3800 815 3860 clarum
837 3798 879 3874 fit,
903 3799 982 3877 quod
1005 3800 1137 3862 Viennae
1160 3802 1289 3861 delectus
1313 3801 1427 3859 iuturus
1450 3805 1487 3861 sit
1509 3802 1645 3861 australis
1671 3808 1710 3860 10
1734 3818 1759 3862 0.
1784 3801 1954 3877 digitorum,
1979 3803 2058 3859 ocei-

705 3890 794 3949 dente
818 3885 888 3946 8010
910 3888 1000 3963 paulo
1024 3896 1091 3948 ante
1113 3888 1200 3948 finem
1222 3905 1321 3947 morae
1343 3889 1463 3947 umbrae
1486 3888 1587 3948 Lunae
1609 3891 1639 3946 in
1664 3889 1754 3947 diseo.

810 3973 944 4052 Eligatur
965 3985 1143 4035 momentum
1162 3980 1258 4052 prius,
1291 3975 1408 4052 quando
1432 3977 1534 4036 umbra
1556 3976 1658 4035 Lunae
1682 3977 1789 4036 deserit
1810 3975 1915 4035 Terras
1939 3977 1967 4032 in
1992 3976 2057 4032 sinu

702 4059 853 4134 Massilia,
884 4065 927 4121 sic
949 4064 1026 4122 enim
1050 4065 1238 4123 retinebimus
1261 4064 1328 4122 loca
1350 4062 1429 4122 80110
1453 4072 1481 4122 et
1504 4064 1604 4123 Lunae
1629 4072 1657 4122 et
1679 4066 1893 4141 superationem
1916 4062 2003 4138 hujus
2027 4073 2059 4121 ut

699 4151 781 4227 prius
806 4152 859 4208 440
884 4148 959 4224 1300,
985 4167 1051 4210 eum
1074 4150 1124 4209 lat.
1149 4168 1219 4210 vera
1242 4155 1295 4210 410
1320 4154 1381 4210 1300
1403 4160 1476 4227 sept.
1523 4151 1596 4210 Cum
1619 4152 1707 4226 igitur
1730 4149 1906 4226 Uraniburgi
1930 4158 1998 4208 tunc
2021 4151 2060 4206 sit

704 4239 733 4295 ln
755 4235 856 4295 medio
880 4235 962 4296 coelo
981 4236 1126 4298 1970110
1148 4244 1282 4315 respectu
1306 4240 1443 4315 temporis
1466 4240 1608 4316 aequalis,
1632 4238 1739 4298 additis
1762 4239 1941 4315 temporibus
1962 4243 1988 4295 0.
2008 4239 2059 4297 500

702 4322 866 4384 seeundum
888 4322 1068 4402 Tyebonem,
1093 4327 1146 4385 erit
1167 4325 1209 4388 M.
1226 4325 1258 4384 C.
1283 4328 1450 4403 apparentis
1473 4326 1561 4402 hujus
1584 4326 1674 4385 borae
1699 4323 1777 4385 1930
1793 4326 1829 4385 60
1847 4333 1875 4385 et
1897 4342 1956 4384 ase.
1981 4323 2061 4382 obli-

700 4428 761 4488 000
787 4407 920 4470 988060
950 4430 986 4472 00
1011 4413 1132 4491 proinde
1154 4413 1287 4472 Viennae
1315 4431 1374 4473 asc.
1399 4412 1520 4490 obliqua
1543 4413 1735 4492 (probabilius
1759 4430 1846 4488 qnam
1871 4416 1899 4470 in
1923 4410 2059 4486 catalogo

701 4501 784 4575 meo)
808 4496 890 4558 9930
914 4498 953 4574 60,
986 4518 1050 4560 eum
1074 4517 1132 4577 000
1157 4504 1246 4560 oritur
1269 4498 1325 4559 940
1348 4504 1378 4560 30
1409 4500 1453 4574 s,
1483 4501 1553 4561 8010
1580 4502 1641 4576 jam
1664 4518 1768 4560 merso.
1816 4499 2058 4558 continuabimus

701 4595 818 4660 tumen,
849 4592 882 4644 ut
909 4587 1095 4647 intervallum
1117 4591 1255 4665 temporis
1277 4590 1416 4647 sortiatur
1438 4606 1522 4647 suum
1547 4597 1657 4647 motum
1680 4587 1782 4646 Lunae
1806 4588 1960 4647 visibilem.
2007 4586 2060 4644 Est

703 4675 794 4749 igitur
818 4672 943 4749 angulus
960 4677 1079 4735 orientis
1097 4674 1153 4734 370
1170 4679 1230 4748 500,
1255 4675 1313 4749 leg.
1332 4681 1448 4749 43830,
1473 4684 1502 4736 et
1522 4676 1611 4734 distat
1626 4670 1667 4756 Q
1684 4694 1702 4733 a
1717 4677 1907 4750 nonagesimo
1925 4670 1982 4734 940
1998 4677 2059 4746 410,

701 4758 760 4839 lug.
778 4766 852 4833 341,
878 4768 906 4820 et
929 4760 988 4839 leg.
1013 4758 1254 4842 0010110100οᾢ
1271 4758 1345 4842 aO
1370 4772 1402 4822 ut
1424 4766 1504 4839 prius
1528 4797 1567 4841 ·.·
1586 4770 1665 4837 3343
1690 4763 1781 4822 tribus
1804 4763 1893 4837 igitur
1915 4759 2060 4837 100001ιο-

702 4850 757 4907 mls
780 4846 890 4908 additis
906 4853 1016 4909 0000100
1032 4849 1120 4909 confit
1135 4849 1287 4926 logistieus
1304 4856 1420 4924 43337,
1445 4851 1599 4910 ostendens
1617 4854 1670 4911 360
1687 4853 1759 4924 4300,
1782 4850 1945 4925 parallsxin
1962 4849 2060 4923 longi-

708 4934 816 4994 tudinis
839 4930 882 5016 9
898 4953 916 4994 0
935 4936 983 5013 Θ,
1005 4937 1233 5013 subtrahendam
1248 4955 1266 4996 a
1281 4940 1466 5014 superatione
1489 4939 1552 5015 ejus
1576 4956 1655 5009 vera,
1679 4945 1712 4996 ut
1733 4941 1772 4995 01ι
1795 4939 1859 4995 visa
1881 4939 1945 5013 ejus
1969 4952 2060 5012 supe-

706 5024 778 5083 retro
803 5024 834 5081 70
858 5025 923 5083 2500
946 5023 1140 5103 (aequipollet
1169 5024 1225 5083 boc
1254 5033 1411 5104 praecepto
1437 5032 1507 5085 170.
1539 5044 1618 5085 num.
1644 5032 1673 5084 4.
1698 5033 1759 5091 [τοι.
1779 5033 1823 5084 vl.
1843 5049 1870 5095 p.
1891 5026 1977 5099 7061).
2024 5022 2061 5081 Et

709 5108 805 5185 tugull
828 5109 950 5186 antilog.
970 5117 1075 5173 93593
1100 5128 1165 5171 eum
1188 5145 1231 5154 -
1247 5118 1308 5172 334
1331 5113 1404 5172 lacit
1420 5119 1535 5188 23964,
1560 5112 1716 5171 ostendens
1732 5115 1784 5172 470
1801 5112 1872 5186 3300,
1896 5110 2059 5190 parallaxin

710 5192 878 5273 butudtnts,
901 5198 979 5260 unde
1002 5200 1103 5259 ablata
1126 5199 1420 5276 veterasceret
1443 5201 1615 5277 relinquitur
1637 5195 1679 5280 0)
1695 5218 1713 5259 a
1732 5198 1770 5277 Θ
1794 5203 1859 5260 visa
1882 5200 1932 5259 lat.
1952 5201 1981 5257 60
1997 5199 2060 5255 9000

714 5291 795 5346 usu.
841 5284 969 5348 'lantum
992 5304 1045 5366 pro
1068 5303 1127 5348 uno
1150 5295 1307 5349 momento.
1803 5373 1850 5430 μ

1780 5380 1797 5432 3
