5575 6342
1046 830 1105 886 Lib.
1123 830 1158 885 11.
1197 830 1369 886 conanum
1387 829 1570 900 Physiologia.
1925 837 1989 904 113

626 1011 802 1070 ruoliontar
823 1013 947 1070 exitum.
992 1009 1146 1085 Poterant,
1170 1009 1342 1087 compendio
1365 1011 1432 1083 usi,
1456 1027 1515 1068 non
1539 1008 1651 1087 ingredi
1674 1009 1728 1069 sub
1751 1017 1865 1070 terram.
1911 1013 1948 1073 Et
1971 1032 1988 1074 o

627 1098 763 1157 validum
788 1106 942 1171 tenorem,
967 1099 1016 1173 qui
1040 1100 1174 1174 captives
1197 1100 1294 1174 ce‘e'git
1317 1100 1372 1156 sub
1395 1106 1495 1171 antra,
1520 1114 1594 1173 ques
1617 1100 1682 1174 ipsa
1704 1106 1788 1157 antra
1810 1108 1908 1160 tenere
1931 1118 1990 1161 non

627 1194 799 1261 potuerunt.
839 1183 923 1245 Haec
946 1192 975 1244 et
997 1185 1105 1244 similia
1127 1185 1215 1262 plane
1237 1184 1334 1245 futilia
1357 1186 1508 1258 existimo,
1531 1187 1663 1263 nituntur
1685 1188 1763 1245 enirn
1778 1185 1893 1246 duabus
1908 1188 1990 1249 falsis

628 1274 834 1351 opinionibusr
868 1281 996 1333 cometas
1024 1273 1141 1346 ardere,
1173 1282 1201 1332 et
1231 1274 1286 1332 sub
1316 1272 1402 1331 Luna
1434 1290 1507 1332 esse.
1555 1273 1707 1333 Accedunt
1736 1282 1766 1332 et
1794 1273 1854 1334 alia
1880 1277 1990 1337 ineerta

629 1372 657 1419 et
679 1361 770 1420 falsa.

735 1445 777 1508 Ut
808 1449 895 1523 igitur
925 1446 996 1507 talia
1026 1456 1155 1507 cometas
1186 1456 1292 1507 eventa
1321 1445 1494 1506 naturaliter
1522 1450 1714 1522 comitentur,
1747 1449 1922 1509 arcessenda
1945 1459 1990 1510 est

629 1535 753 1595 facultas
779 1534 923 1611 quaedam
946 1535 1087 1594 naturalis
1110 1543 1162 1593 aut
1185 1534 1284 1593 vitalis
1307 1543 1358 1595 aut
1381 1535 1515 1593 animalis
1531 1535 1635 1595 similis
1650 1538 1738 1612 inque
1754 1535 1911 1611 Tellurem,
1936 1555 1988 1597 ceu

629 1625 657 1680 in
680 1625 832 1700 propriam
846 1625 1036 1699 provinciam,
1061 1622 1250 1695 immittenda,
1273 1631 1306 1681 ut
1328 1622 1443 1681 efficere
1468 1622 1517 1681 illa
1539 1626 1634 1699 possit
1657 1626 1721 1700 ipsa
1744 1633 1777 1683 ut
1799 1642 1937 1701 praesens
1960 1633 1990 1686 et

629 1714 739 1787 peritus
763 1710 876 1782 artifex,
900 1727 976 1786 quac
1000 1712 1113 1770 absenti
1138 1719 1269 1769 cometae
1291 1710 1397 1769 frustra
1420 1712 1673 1770 transscribantur.

734 1798 849 1874 Repeto
880 1799 980 1873 itaque
1012 1798 1150 1873 dogmate
1180 1808 1337 1858 consucta:
1369 1800 1486 1873 quoties
1515 1800 1586 1855 novi
1615 1799 1685 1875 quid
1714 1802 1743 1857 in
1772 1799 1855 1859 coelo
1880 1803 1988 1874 existit,

630 1902 679 1943 seu
710 1888 838 1944 rariores
866 1884 1121 1958 coustellatienes,
1154 1903 1205 1944 seu
1235 1885 1322 1961 plane
1350 1902 1445 1944 novae
1473 1885 1576 1944 stellae
1604 1896 1656 1945 aut
1684 1896 1832 1961 cometae,
1864 1889 1988 1947 facultas

631 1972 729 2030 mundi
765 1972 933 2031 sublunaris
963 1972 1020 2031 hoc
1052 1975 1236 2049 persentiscit
1268 1982 1297 2031 et
1327 1974 1509 2049 obstupescit
1539 1991 1658 2049 unaque
1689 1973 1845 2035 facultates
1874 1987 1989 2035 ceterae

632 2064 757 2119 omnium
790 2078 885 2119 rerum
907 2059 1117 2120 sublunarium.
1155 2066 1778 2135 (belisa-idelis.1V.Harn0nicesltunai.q
1825 2062 1988 2141 Praecipue

632 2166 696 2207 vero
721 2150 829 2207 attinet
850 2151 907 2205 ista
930 2165 995 2206 cum
1018 2148 1101 2208 coelo
1123 2147 1292 2224 sympathia
1306 2147 1477 2206 facultatem
1491 2149 1635 2206 internam
1650 2146 1732 2223 globi
1749 2148 1885 2222 Telluris,
1909 2170 1986 2227 quae

633 2253 748 2313 operum
779 2234 919 2309 Telluris,
949 2235 1006 2294 hoc
1034 2245 1079 2295 est
1106 2238 1303 2312 generationis
1333 2233 1533 2307 minerallum,
1565 2235 1716 2293 fluminum
1749 2246 1778 2295 et
1809 2237 1986 2312 pluviarum,

635 2342 773 2399 raporum
796 2323 925 2382 effectrix
947 2332 1000 2381 cst.
1039 2322 1105 2382 Hae
1129 2325 1229 2398 itaque
1252 2323 1391 2381 facultate
1408 2320 1533 2380 Telluris
1556 2323 1693 2380 insolenti
1717 2335 1849 2385 cometae
1866 2330 1986 2402 appari·

635 2415 705 2471 tione
731 2418 927 2481 consternata,
952 2427 1009 2469 uno
1033 2412 1175 2469 terrestris
1197 2409 1361 2486 superficiei
1383 2409 1449 2467 loco
1472 2409 1597 2467 multum
1617 2410 1741 2469 exsudat
1758 2429 1909 2488 vaporum,
1934 2431 1986 2490 pro

636 2498 772 2574 qualitate
802 2497 880 2557 illius
908 2499 1000 2573 partis
1029 2500 1074 2556 sui
1103 2500 1249 2574 corporis:
1276 2497 1344 2555 hine
1372 2496 1527 2556 diuturnae
1550 2496 1669 2573 pluviae
1692 2508 1722 2555 ct
1743 2498 1903 2560 eluviones.
1950 2502 1988 2559 Et

637 2590 696 2661 quia
719 2604 757 2645 ex
780 2586 857 2644 sitris
879 2585 988 2643 haustu
1010 2587 1102 2644 vitam
1126 2593 1292 2644 sustentant
1315 2584 1466 2656 animalia,
1496 2601 1555 2642 una
1578 2601 1614 2643 ex
1637 2587 1713 2644 aeris
1736 2603 1788 2644 seu
1812 2587 1986 2647 humiditate

637 2677 717 2732 nimia
748 2691 803 2733 seu
832 2674 1084 2748 inquinationibus
1112 2673 1177 2732 aliis
1199 2674 1380 2749 permixtas
1404 2670 1605 2731 exhalationes
1628 2674 1767 2745 nitrosas,
1800 2676 1985 2749 ersenieales,

596 2814 598 2818 .
637 2761 816 2838 sulphuratae
844 2762 973 2819 existunt
1002 2761 1096 2820 morbl
1124 2760 1292 2837 epidemici,
1324 2759 1543 2836 cephalalgiae,
1578 2763 1747 2837 vertigines,
1777 2763 1921 2837 catarrhi,
1954 2773 1987 2822 ut

639 2866 704 2908 auno
731 2852 826 2921 1582,
850 2847 975 2924 denique
999 2851 1099 2925 pestis,
1122 2858 1154 2906 ut
1178 2849 1365 2907 ann01596.
1406 2847 1514 2906 Contra
1529 2846 1597 2906 aliis
1612 2847 1719 2907 Terrae
1736 2848 1816 2920 locis,
1842 2850 1986 2910 exhausto

639 2936 699 2997 forte
728 2937 867 3008 humore,
899 2935 1024 2994 facultas
1051 2935 1123 2995 haec
1147 2935 1273 2995 Telluris
1295 2935 1426 2993 adoritur
1447 2937 1598 2993 materiam
1622 2952 1710 3011 quam
1733 2938 1859 3010 invertit,
1891 2956 1927 2998 ex
1951 2955 1987 2997 ea

640 3027 719 3084 rictas
743 3022 949 3084 exhalationes
969 3022 1056 3096 elicit,
1081 3024 1188 3099 quibus
1203 3021 1387 3083 sterilescunt
1402 3021 1524 3098 glebae;
1548 3022 1673 3098 denique
1689 3041 1763 3100 opus
1778 3042 1864 3083 suum
1880 3028 1986 3084 tantia-

640 3128 678 3187 per
703 3120 804 3188 urget,
835 3110 928 3169 donec
956 3119 1058 3171 coacta
1086 3111 1199 3187 aliquid
1222 3113 1266 3170 vis
1289 3108 1464 3186 sulphureae
1487 3110 1587 3169 aridae
1610 3115 1749 3171 materiae
1772 3114 1827 3172 sub
1850 3122 1927 3172 terra
1950 3132 1986 3173 cx

641 3199 741 3259 fervore
763 3200 857 3257 nimio
879 3198 1026 3257 flammam
1049 3200 1195 3276 concipiat
1216 3201 1315 3274 ltaque
1339 3206 1414 3256 terra
1438 3197 1571 3255 dissiliat.

728 3285 815 3346 Haec
843 3288 931 3362 igitur
960 3294 1020 3359 est,
1050 3288 1074 3345 si
1107 3287 1167 3346 ulla
1195 3296 1239 3345 est
1269 3284 1410 3344 naturalis
1441 3287 1583 3344 eenrrexio
1610 3284 1715 3344 horum
1737 3295 1896 3346 eventuum
1920 3305 1985 3346 curn

640 3382 750 3433 uncta
796 3373 850 3432 Est
873 3390 942 3432 vero
965 3383 995 3432 et
1016 3375 1046 3431 in
1069 3375 1200 3446 homine,
1224 3375 1278 3433 etsi
1302 3389 1407 3432 coecus
1431 3381 1507 3432 esset
1530 3390 1583 3432 nec
1606 3373 1723 3432 coelum
1745 3392 1875 3450 unquam
1897 3392 1985 3452 aspe-

639 3465 732 3535 xisset,
754 3459 882 3521 facultas
905 3461 1022 3537 aliqua,
1054 3462 1224 3521 coelestium
1246 3462 1426 3538 pereeptrix,
1452 3477 1515 3519 sese
1539 3459 1622 3519 coelo
1646 3465 1828 3537 compatiens
1851 3472 1880 3522 et
1903 3467 1932 3521 in
1955 3463 1985 3521 id

639 3549 741 3609 oecnlto
764 3566 854 3608 sensu
878 3551 1053 3625 respiciens,
1085 3567 1161 3626 quae
1190 3549 1324 3608 similiter
1350 3547 1574 3624 inquietaturt)
1602 3549 1640 3606 ab
1664 3551 1716 3621 iis,
1748 3568 1825 3626 qnae
1850 3553 1877 3608 in
1902 3550 1984 3610 coelo

639 3653 705 3695 nera
728 3641 874 3708 existunt,
898 3648 931 3695 ut
953 3645 999 3694 est
1022 3646 1144 3696 cometa.
1189 3635 1267 3695 Hinc
1290 3653 1348 3693 non
1371 3634 1467 3694 solum
1490 3637 1753 3711 praeternaturales
1776 3641 1985 3697 commotiones

638 3722 781 3784 humorum
805 3735 835 3783 et
856 3724 899 3783 sic
920 3725 1025 3796 morbi,
1048 3724 1100 3783 sed
1124 3727 1211 3783 etiam
1234 3724 1470 3783 ellerbeseentiae
1493 3723 1659 3782 affectuum.

731 3810 876 3887 Exemplo
899 3813 938 3870 sit
961 3822 1076 3871 cometa
1098 3814 1166 3871 anni
1194 3814 1291 3887 15'l'lq
1323 3829 1388 3871 cnm
1413 3829 1448 3871 eo
1472 3819 1601 3887 tempore
1625 3813 1795 3870 occasiones
1818 3815 1985 3886 existerent,

640 3901 733 3974 quibus
757 3900 901 3957 invitatus
924 3898 978 3957 fuit
993 3898 1184 3959 Sebastianus
1200 3900 1370 3959 Lusitaniae
1393 3917 1445 3958 rex
1467 3898 1505 3956 ad
1530 3897 1719 3957 debellandos
1734 3898 1864 3973 Mauros,
1888 3903 1984 3971 fertur,

640 3990 731 4063 spretis
753 3984 976 4062 prudentiorum
992 3988 1131 4060 consiliis,
1157 4006 1221 4046 eum
1238 4004 1297 4046 non
1320 3986 1483 4046 abundaret
1505 3988 1545 4044 rei
1570 3986 1693 4045 bellicae
1713 3989 1822 4061 peritis,
1845 3990 1984 4064 pertinaci

639 4077 777 4152 proposito
803 4076 833 4131 fn
856 4072 993 4133 hostilem
1016 4077 1115 4134 orbem
1139 4076 1303 4151 trajecisse,
1327 4076 1426 4150 itaque
1450 4072 1536 4150 culpa
1559 4091 1613 4132 sua
1636 4077 1753 4151 propria
1776 4078 1896 4152 periisse
1919 4093 1985 4134 cum

640 4165 764 4223 exercitu.
811 4158 871 4220 Hic
892 4160 976 4220 vides
999 4161 1165 4236 induratum
1188 4180 1285 4238 regem
1308 4165 1336 4220 in
1359 4163 1509 4239 proposito
1534 4170 1562 4220 et
1585 4165 1777 4238 pertinacem,
1801 4165 1850 4239 qui
1874 4166 1985 4223 vatione

640 4249 744 4324 quidem
771 4264 831 4307 non
862 4248 1090 4323 destituebatur,
1122 4251 1174 4310 sed
1202 4249 1336 4327 cupidine
1367 4257 1541 4309 excoecatus
1564 4257 1592 4308 et
1616 4251 1711 4308 vietus
1734 4250 1797 4309 fuit.
1844 4251 1902 4308 llic
1930 4253 1985 4309 nisi

640 4340 742 4397 animus
755 4338 844 4413 regis,
868 4354 920 4396 scu
943 4358 977 4397 rc
993 4342 1146 4412 deposcere
1159 4337 1312 4397 Platonico
1326 4355 1415 4411 more,
1439 4340 1611 4415 praecipuos
1628 4336 1678 4397 illo
1702 4346 1830 4416 tempore
1846 4339 1986 4397 sensisset

641 4425 764 4485 stimules
779 4442 816 4485 ex
840 4425 1023 4502 apparitione
1040 4436 1180 4499 cometae,
1204 4424 1305 4503 procul
1322 4426 1411 4484 dubio
1434 4425 1586 4483 meliorum
1602 4427 1763 4484 sententiae
1779 4429 1985 4501 acquievisset.

641 4512 728 4590 ltqm
757 4515 833 4571 ratio
864 4513 962 4591 ipsis
985 4512 1050 4572 Deo
1080 4512 1173 4573 libera
1200 4512 1352 4572 domandis
1376 4512 1527 4572 affectibus
1551 4522 1614 4570 erat
1636 4512 1720 4585 data,
1753 4516 1897 4589 potuisset
1919 4513 1984 4586 hoe,

641 4610 666 4656 ut
683 4600 785 4673 horno,
809 4600 835 4657 si
859 4598 1011 4662 voluisset.
1058 4600 1162 4676 Credo,
1187 4602 1215 4658 in
1239 4600 1269 4658 id
1292 4610 1374 4659 tante
1397 4598 1506 4657 lumine
1530 4606 1673 4658 cometam
1697 4600 1778 4659 Deus
1801 4604 1984 4673 instruxerat,

641 4701 681 4761 re,
696 4698 729 4748 ut
743 4686 871 4766 plurimi,
894 4689 996 4765 paucis
1011 4691 1184 4766 conspicuus
1200 4690 1377 4767 praeteriret,
1401 4686 1453 4747 scd
1476 4695 1508 4745 ut
1531 4687 1682 4746 evidenter
1697 4705 1792 4763 regem
1809 4690 1986 4747 imminentis

642 4788 669 4831 ex
689 4792 776 4837 coeco
800 4774 907 4835 affectu
929 4778 1068 4853 perniciei
1090 4776 1268 4837 admoneret.
1305 4776 1423 4834 Irritant
1445 4777 1554 4851 quippe
1578 4775 1708 4849 affectus,
1732 4784 1763 4835 at
1784 4794 1844 4835 neu
1866 4784 1984 4853 cogunt.

734 5020 760 5084 'l
776 5020 852 5071 Hanc
869 5034 956 5071 vocam
973 5021 1113 5084 laudaturi
1138 5021 1249 5083 imperiti
1273 5032 1355 5067 rerum
1372 5016 1604 5081 philosophicarum
1622 5016 1722 5080 polltlci
1739 5018 1842 5083 quldam
1860 5020 1885 5066 ln
1904 5021 1985 5067 forum

645 5096 819 5158 mundat,
844 5097 874 5141 ut
896 5093 959 5140 mihi
980 5088 1119 5153 perieulum
1138 5095 1250 5139 crearent
1267 5088 1334 5152 apud
1352 5088 1479 5151 principes
1497 5088 1573 5140 viros.
1610 5088 1713 5137 Scilicet
1730 5091 1794 5150 ipsis
1812 5090 1859 5137 hec
1876 5087 1985 5151 capitale

645 5166 684 5220 ul,
702 5162 732 5211 da
749 5163 863 5227 principe
880 5164 1017 5226 affirmare,
1036 5162 1105 5223 quod
1121 5163 1276 5225 inquietetur
1294 5173 1310 5206 a
1328 5157 1410 5223 coele,
1434 5158 1538 5219 perinde
1555 5172 1584 5206 ac
1602 5159 1624 5206 si
1641 5160 1758 5221 princeps
1776 5174 1826 5207 nun
1845 5165 1909 5207 osset
1927 5172 1984 5220 para

646 5236 749 5295 Mures,
768 5239 814 5282 aut
832 5235 908 5299 quasi
924 5232 1081 5295 philosophis
1100 5233 1170 5296 loqui
1189 5244 1239 5278 non
1257 5228 1355 5292 liceret,
1373 5229 1424 5277 nist
1442 5242 1516 5276 sensu
1534 5233 1559 5275 et
1576 5230 1678 5278 notione
1696 5228 1817 5296 politica,
1836 5230 1903 5291 apud
1921 5244 1985 5295 quos

646 5298 738 5366 ΝΜ
755 5301 822 5354 tuda
840 5303 957 5354 audlunt.
991 5306 1046 5360 (ct.
1061 5306 1112 5350 Vol.
1127 5307 1147 5349 1.
1161 5317 1184 5358 p.
1197 5305 1244 5350 58³.
1261 5309 1285 5348 et
1298 5316 1367 5357 snpra
1378 5315 1402 5356 p·
1415 5301 1459 5355 28.)

710 5403 803 5457 nster
817 5404 901 5457 om
928 5401 979 5445 vrr.
1756 5388 1774 5446 8
