5575 6342
713 770 781 841 570
1179 774 1223 829 Ex
1241 774 1468 844 Ephemeridibns
1486 772 1605 845 Kepleri.

714 951 795 1013 ducit
823 950 861 1011 ad
890 951 1163 1031 prosthapheeresin
1185 956 1360 1016 tractatione
1381 961 1553 1031 tangentum
1575 962 1604 1015 et
1626 954 1759 1026 sinuum,
1789 968 1882 1031 posse
1906 950 1995 1011 etiam
2015 967 2059 1027 per

714 1038 987 1115 mesologarithmos
1010 1040 1135 1100 absolvi.
1174 1040 1260 1116 Quod
1282 1045 1371 1120 igitur
1393 1044 1505 1103 exstitit
1528 1044 1572 1101 vir
1593 1044 1768 1120 praecipuae
1792 1039 1952 1116 diguitatis
1974 1037 2058 1098 eccle-

713 1128 858 1199 siastieae,
881 1125 1096 1188 Ludovlcus
1118 1130 1363 1204 Barbavaria,
1386 1131 1552 1191 matheseos
1567 1131 1785 1188 amantissimus
1801 1135 1833 1187 et
1849 1126 1961 1203 ingenii
1975 1124 2060 1185 101101-

714 1221 774 1274 tate
796 1231 855 1274 nou
879 1216 974 1273 minus
996 1233 1085 1291 quam
1106 1208 1240 1277 laborum
1262 1218 1419 1278 tolerantia
1440 1235 1493 1296 par
1514 1217 1583 1275 huic
1606 1217 1752 1289 exercitio,
1776 1216 1830 1292 qui
1853 1220 2060 1273 commentato·

713 1318 773 1361 rem
802 1310 902 1377 ageret
931 1302 1019 1379 hujus
1048 1304 1105 1362 mei
1137 1305 1312 1383 paragraphi
1334 1322 1455 1381 remque
1477 1306 1586 1381 ipsam,
1617 1321 1704 1380 quam
1727 1319 1781 1378 ego
1806 1301 1946 1361 sulficere
1968 1300 2060 1377 putavi

714 1390 852 1462 innuisse,
875 1388 989 1467 prolixa
1011 1393 1217 1467 praeceptione
1239 1394 1269 1450 in
1291 1400 1426 1469 apertum
1450 1397 1623 1470 exponeret3
1646 1390 1788 1466 siquidem
1812 1388 1946 1465 publicis
1969 1387 2061 1446 usibus

715 1477 839 1553 scripsit,
862 1479 987 1551 gratiam
1010 1484 1039 1537 et
1053 1497 1072 1537 a
1087 1496 1134 1537 ma
1156 1477 1278 1539 habebit
1300 1488 1329 1540 ct
1343 1498 1361 1539 a
1376 1478 1647 1539 mathematicorum
1663 1494 1778 1553 genere,
1804 1478 1851 1535 sin
1874 1484 1985 1547 autem,
2007 1475 2060 1551 pri-

715 1565 805 1622 vatim
820 1565 949 1624 scribens
965 1562 1003 1623 ad
1018 1563 1184 1637 Caesarem,
1207 1565 1355 1627 domiuum
1370 1584 1476 1639 meum,
1496 1565 1576 1626 alind
1592 1563 1703 1641 aliquid
1716 1581 1805 1641 agere
1822 1562 1930 1635 voluit,
1955 1563 2060 1622 veniam

713 1666 772 1710 non
794 1651 866 1710 mibi
888 1649 940 1711 sed
961 1651 1018 1710 sibi
1039 1653 1103 1728 ipse
1125 1651 1215 1726 dabit,
1239 1657 1264 1712 si
1286 1655 1316 1713 in
1339 1671 1374 1714 eo
1397 1671 1442 1714 me
1465 1653 1598 1730 adjutore
1620 1650 2059 1722 superaccesserat).

713 1737 844 1797 Primum
866 1746 954 1815 atque
969 1739 1122 1801 Bartschio
1136 1757 1251 1801 mecum
1266 1742 1403 1802 convenit
1416 1758 1503 1820 super
1516 1739 1644 1801 editione
1659 1737 1897 1816 Ephemeridum,
1921 1736 2059 1814 optionem

715 2000 846 2059 Tublugae
863 2000 910 2049 hoc
928 2004 1052 2049 momento
1070 2000 1136 2049 vidit
1160 1996 1180 2065 ῼ
1204 2002 1278 2065 quasi
1297 2005 1343 2051 sub
1370 2004 1429 2068 5ss
1466 2001 1595 2050 Prodeant
1622 2006 1643 2061 ,t
1667 1998 1736 2059 long.
1757 1998 1805 2048 15⁰
1822 1996 1867 2047 ³1¹
1889 1994 2059 2059 1001111

717 2066 898 2133 1⁰16‘rept,
923 2065 943 2134 ῼ
966 2068 1165 2130 long,1s⁰at‘
1185 2070 1236 2121 14¹¹
1255 2074 1295 2135 ΠΡ,
1313 2073 1357 2123 lat.
1378 2078 1407 2125 1⁰
1427 2071 1470 2122 lh‘
1488 2075 1551 2135 sept
1587 2072 1628 2120 Ad
1647 2073 1705 2119 haec
1725 2072 1810 2117 monet
1828 2066 1972 2133 Keplerus:
1997 2061 2016 2129 ῼ
2037 2063 2060 2117 4⁴

715 2142 779 2191 ante
805 2140 828 2201 ,t
856 2136 1013 2191 invenimus.
1043 2137 1100 2193 Nec
1118 2145 1160 2193 est
1177 2138 1281 2193 erronei
1299 2140 1396 2197 calculi
1413 2137 1540 2193 indicium
1558 2137 1663 2192 tantula
1680 2134 1873 2205 discrepantia,
1892 2132 1959 2203 quin
2012 2132 2060 2187 tius

717 2220 750 2261 ea
767 2205 874 2263 videtur
891 2208 925 2261 ab
944 2205 1118 2261 observatore
1131 2208 1290 2263 confirmari.
1319 2210 1393 2267 Dicit
1406 2209 1484 2275 enim,
1504 2222 1533 2261 se
1545 2207 1688 2263 discrimen
1700 2203 1926 2260 animadvertisse
1938 2218 1971 2258 eo
1982 2217 2060 2267 orum,

714 2275 789 2331 rutili
806 2279 833 2331 in
860 2286 884 2400 ἦ
912 2283 939 2331 01
956 2276 1031 2331 aurei
1049 2276 1076 2331 in
1102 2276 1142 2345 ῼ,
1161 2278 1277 2347 indeque
1295 2282 1479 2350 conjecturam
1498 2278 1557 2347 capi
1575 2279 1695 2347 potuisse
1712 2275 1809 2330 Martis
1829 2289 1918 2343 supra
1935 2273 2060 2328 Venerem

715 2362 732 2400 a
749 2353 842 2401 centro
885 2361 960 2401 errae
977 2345 1084 2416 longius
1102 2347 1211 2415 elevati,
1235 2366 1295 2403 eum
1314 2350 1426 2408 Veneris
1450 2348 1527 2404 color
1544 2364 1643 2403 aureus
1661 2354 1746 2401 toturn
1764 2344 1822 2399 iere
1840 2343 1941 2399 Martis
1958 2342 2060 2398 rutilum

716 2416 846 2472 deleverit
873 2423 904 2473 ut
920 2416 965 2471 vix
983 2432 1077 2484 parum
1095 2417 1149 2483 ille,
1168 2433 1203 2471 ex
1221 2434 1275 2472 una
1293 2434 1330 2473 sc.
1351 2431 1436 2492 parte,
1455 2418 1603 2487 effulgeret
1635 2416 1718 2487 Atqui
1731 2416 1754 2469 si
1765 2414 1927 2483 corrjunctio
1941 2411 2060 2469 centralis

715 2489 823 2543 omnino
840 2460 937 2543 luisset
955 2486 1094 2541 advirum
1121 2486 1224 2543 nullum
1241 2489 1316 2544 rutili
1334 2492 1433 2547 coloris
1451 2489 1595 2557 vestigium
1614 2487 1648 2543 de
1661 2489 1748 2541 Marte
1765 2499 1915 2609 superesse
1926 2483 2062 2554 potuisset,

716 2558 817 2643 quippe
834 2558 932 2640 hiantis
948 2558 991 2681 pin
1009 2557 1061 2612 hac
1078 2528 1235 2627 altitudine,
1254 2558 1336 2629 duplo
1355 2561 1413 2617 iere
1432 2559 1534 2628 majore
1552 2574 1632 2626 quam
1650 2555 1775 2625 Veneris)
1813 2552 2061 2637 iametercorporis

716 2644 825 2683 ommno
843 2643 931 2683 mmor
959 2634 1006 2683 nrt.
1042 2626 1217 2683 Parallaxeos
1235 2628 1368 2687 hieratio
1387 2629 1512 2686 habenda
1530 2635 1573 2683 est
1591 2627 1674 2683 nulla
1709 2626 1803 2681 Venus
1821 2639 1896 2679 enrm
1915 2622 2061 2680 distabata

714 2706 808 2755 centro
826 2699 926 2753 Terrae
944 2696 1050 2767 1011110
1068 2714 1148 2766 quum
1167 2698 1225 2767 Sol,
1247 2699 1337 2756 indice
1362 2701 1462 2771 angulo
1479 2696 1711 2767 commutationis,
1739 2695 1786 2751 Sol
1804 2710 1871 2751 vero
1890 2694 1982 2750 locum
1999 2708 2061 2748 eon-

716 2776 803 2824 mntat
820 2768 848 2823 in
865 2769 925 2837 ipso
944 2768 1083 2823 horizonte
1101 2768 1167 2822 nihil
1185 2767 1257 2824 ultra
1274 2770 1308 2827 1‘.

819 2838 975 2893 Admonitio
1000 2838 1033 2893 dc
1057 2837 1238 2895 abbreviando
1262 2840 1314 2895 hoc
1338 2840 1450 2895 calculo.
1487 2839 1620 2895 Reduetio
1643 2836 1695 2892 loci
1719 2836 1846 2906 planetae
1874 2831 2020 2889 eccentn'ci
2039 2838 2084 2909 et·

716 2908 831 2965 eustatio
849 2908 983 2963 intervalli
1002 2908 1140 2977 (membris
1159 2909 1190 2973 t,
1210 2910 1241 2976 5,
1261 2911 1290 2977 6)
1309 2906 1468 2980 plerumque
1486 2915 1601 2980 possunt
1618 2906 1706 2963 omitti
1723 2914 1751 2963 et
1767 2908 1950 2976 pmeceptum
1967 2901 2062 2957 absolvi

717 2994 766 3047 per
790 2978 880 3101 ipsupn
905 2975 994 3102 locpm
1016 2979 1195 3035 eccentricum
1218 2979 1322 3037 orbitae
1338 2996 1442 3051 perque
1460 2980 1549 3051 iprum
1566 2976 1737 3035 intervallum
1760 2977 1788 3031 iu
1812 2974 1911 3030 tabula
1934 2982 2062 3043 repertun

717 3049 833 3117 ejusque
859 3047 946 3118 ogarit
966 3066 1047 3103 mum.

820 3134 933 3189 Praec.
954 3136 1014 3191 101.
1043 3134 1111 3190 Alie
1127 3136 1210 3203 ratio,
1228 3137 1287 3192 siue
1304 3136 1475 3207 loqomtlvmis
1492 3135 1669 3205 compescendi
1680 3134 1741 3190 loon
1749 3135 1931 3205 planetarum
1944 3131 2060 3203 qru'uqur¹

718 3203 892 3259 Manentibus
910 3205 1008 3259 ceteris
1024 3220 1115 3273 praec.
1127 3206 1189 3262 100.
1207 3205 1341 3273 membris,
1360 3204 1479 3260 secundo
1497 3206 1616 3259 membro
1630 3203 1784 3273 excerpitur
1795 3201 1972 3257 intervallum
1983 3200 2062 3269 ipsun

717 3275 844 3344 planetae
857 3283 884 3328 at
897 3274 976 3344 Solis,
990 3274 1112 3330 similiter
1124 3277 1203 3330 etiam
1216 3275 1386 3330 intervallum
1398 3276 1487 3344 ipsum
1500 3275 1570 3331 Solis
1584 3282 1611 3329 et
1623 3274 1733 3331 Terrae.
1759 3274 1865 3342 Quarto
1878 3269 2000 3326 membro
2012 3286 2062 3325 cur·

717 3345 784 3399 tatio
802 3352 931 3413 excerpta
948 3344 1125 3399 subscribitur
1143 3345 1195 3414 ipsi
1212 3344 1353 3401 intervallo
1371 3345 1498 3414 planetae
1516 3353 1543 3400 et
1555 3344 1634 3409 Solis,
1652 3352 1680 3397 et
1697 3343 1758 3400 loco
1777 3341 2015 3413 mesologarithmi
2030 3341 2062 3393 in·

717 3414 869 3470 clinationis
881 3415 1036 3484 excerpitur
1048 3414 1109 3483 ipsa
1121 3416 1266 3482 inclinatio,
1280 3432 1341 3471 cum
1354 3431 1407 3484 qua
1423 3414 1584 3469 exscribitur
1596 3429 1629 3467 ex
1643 3428 1745 3468 01110110
1758 3414 1867 3467 sinuum
1882 3412 1945 3481 ejus
1957 3409 2063 3479 comple

717 3486 802 3539 menti
824 3491 951 3555 tangens,
977 3484 1144 3540 adservanda
1165 3503 1215 3555 pro
1233 3486 1385 3540 latitudine.
1422 3486 1522 3553 Quinto
1540 3485 1659 3539 membro
1677 3484 1769 3551 anguli
1788 3481 2012 3538 commutationis
2030 3494 2063 3533 se

717 3556 806 3610 missis
829 3564 872 3609 eat
894 3554 1100 3609 constituendus
1123 3556 1237 3624 e'usqne
1260 3555 1430 3623 excerpenda
1452 3563 1574 3623 tangens.
1611 3554 1706 3608 Totius
1730 3569 1793 3607 vero
1812 3553 1909 3623 anguli
1929 3560 2062 3607 commuta

718 3625 798 3681 tionis
821 3626 897 3679 sinus
922 3633 964 3678 est
986 3573 1177 3681 exscribendus
1197 3634 1224 3681 ct
1242 3644 1290 3695 pro
1310 3625 1451 3679 latitudine
1469 3625 1661 3679 adservandos.
1698 3623 1781 3678 Sexto
1807 3624 1933 3679 membro
1959 3622 2062 3677 01111100

717 3695 921 3763 multiplicanda
940 3700 982 3749 est
999 3696 1026 3750 in
1044 3696 1213 3750 intervallum
1231 3696 1357 3765 planetae
1377 3705 1405 3749 et
1423 3695 1501 3761 Solis,
1520 3704 1547 3749 et
1565 3694 1663 3759 fuctus,
1682 3693 1810 3749 abscissis
1831 3697 1847 3747 Ξ)
1868 3693 1981 3759 ultimis,
2001 3691 2062 3745 ruie-

717 3766 817 3820 rendus
841 3773 882 3820 est
905 3766 938 3820 ab
962 3765 1112 3821 intervallo.
1150 3768 1219 3821 lluic
1243 3774 1348 3820 curtato
1372 3765 1514 3819 intervallo
1532 3763 1730 3831 subjiciendum
1749 3772 1792 3818 est
1809 3763 1987 3818 intervallum
2004 3761 2061 3816 Solis

718 3844 746 3891 et
764 3837 865 3890 Terrae
883 3836 1052 3904 primumque
1070 3835 1104 3890 nb
1123 3853 1155 3890 eo
1174 3836 1398 3897 subtrahendum,
1424 3835 1522 3889 deinde
1547 3834 1671 3888 addenda
1687 3834 1830 3887 interualla
1852 3835 1880 3887 in
1903 3849 1986 3887 unam
2004 3846 2061 3885 sum·

718 3922 803 3967 mum:
822 3922 883 3960 eum
903 3921 935 3959 ea
952 3914 994 3959 est
1013 3906 1185 3962 dividendam
1202 3907 1339 3960 residuum
1352 3905 1418 3959 illud
1433 3906 1635 3973 (prolongatum
1649 3907 1665 3958 b
1678 3905 1809 3973 cyphrisi.
1827 3905 1958 3971 quotiens
1974 3918 2032 3957 vero
2043 3902 2060 3953 ῖ.

717 3976 838 4030 membro
863 3975 1083 4044 multiplicandus
1107 3978 1134 4031 in
1153 3977 1272 4031 semissis
1289 3976 1361 4031 illius
1378 3982 1545 4043 tangentem,
1572 3991 1632 4028 cum
1651 3974 1735 4042 iacto,
1759 3974 1891 4027 abscissis
1910 3976 1941 4041 n,
1968 3981 2060 4028 utrum

717 4054 846 4113 tangente
865 4050 1051 4113 excerpeudus
1068 4062 1162 4109 arcrrs,
1185 4048 1231 4115 qui
1254 4048 1282 4099 11
1307 4047 1491 4113 superioribus
1511 4044 1597 4099 tribus
1615 4044 1732 4113 planetis
1751 4043 1862 4097 additus
1882 4044 1917 4098 ad
1937 4043 2059 4097 semissen

718 4117 945 4182 commutationis,
964 4116 990 4169 in
1011 4116 1115 4171 duobus
1134 4115 1304 4172 inferioribus
1323 4115 1430 4170 ablatus
1450 4118 1484 4169 ab
1504 4132 1543 4175 eo,
1563 4115 1704 4169 constituit
1721 4115 1762 4168 vel
1781 4114 1916 4181 relinquit
1929 4112 2060 4182 elongatio

719 4203 779 4241 uem
797 4186 923 4255 planetae
935 4204 952 4240 a
965 4186 1036 4240 Sole.
1072 4188 1125 4241 Per
1141 4187 1223 4255 hujus
1235 4186 1416 4255 elongationis
1428 4187 1515 4240 sinum
1528 4178 1663 4239 dividatur
1676 4185 1750 4238 sinus
1763 4184 1994 4247 commutationis,
2012 4197 2059 4251 pro-

718 4258 844 4325 longutus
863 4258 878 4311 5
898 4256 1017 4325 cyphris,
1046 4259 1170 4324 quotiens
1198 4257 1355 4323 subjiciatur
1379 4256 1501 4323 tangenti
1527 4256 1716 4323 complementi
1743 4254 1937 4308 inclinationis.
1975 4252 2059 4307 001110

718 4329 838 4381 membro
862 4326 994 4392 elongatio
1017 4326 1141 4395 planetae
1161 4344 1178 4381 a
1196 4326 1259 4382 Sole
1283 4328 1309 4380 in
1333 4326 1420 4394 primo
1445 4343 1510 4380 casn
1531 4325 1641 4379 membri
1660 4328 1685 4380 5.
1706 4325 1742 4393 (si
1761 4324 1890 4378 nimirum
1909 4323 1987 4377 locus
2004 4320 2059 4377 Solis

718 4398 800 4452 1110111
817 4397 985 4464 subtractus)
1004 4396 1157 4464 adjicienda
1176 4406 1218 4451 cst
1236 4396 1398 4466 longitudini
1416 4396 1469 4450 loci
1488 4396 1571 4455 Solis.
1591 4411 1606 4449 a
1625 4411 1729 4449 srrmma
1747 4393 1868 4449 circulus
1887 4394 1994 4462 integer
2010 4389 2058 4458 rejl·

719 4468 844 4531 rziurrdus,
871 4466 894 4520 si
918 4468 1081 4533 excreverit,
1106 4468 1134 4522 iu
1158 4467 1276 4523 secundo
1301 4483 1367 4522 cusu
1392 4465 1485 4519 eadem
1510 4466 1645 4535 elongatio
1664 4464 1814 4519 auferenda
1834 4472 1878 4518 est
1897 4480 1914 4518 a
1934 4463 1986 4517 lori
2005 4460 2058 4517 Solis

720 4536 900 4605 longitudine,
927 4536 1034 4605 uthecto
1058 4537 1132 4606 prius
1152 4536 1266 4603 circulo,
1290 4538 1313 4590 si
1331 4551 1400 4604 opus
1419 4535 1513 4589 inerit:
1539 4537 1578 4590 ita
1596 4535 1686 4604 prodit
1704 4532 1847 4601 longitudo
1867 4550 1933 4589 vera
1951 4534 2059 4603 planetae

720 4607 753 4661 ab
773 4605 953 4687 acquinoctio,
973 4622 1020 4660 scu
1039 4606 1115 4661 loeus
1134 4607 1191 4675 ejus
1210 4608 1237 4660 in
1256 4605 1388 4675 ecliptica.
1420 4607 1498 4660 Nono
1518 4606 1637 4659 membro
1655 4616 1770 4675 tangens
1789 4605 1985 4673 complementi
2001 4599 2059 4655 incli

719 4676 836 4731 nationis
856 4683 899 4729 est
917 4676 1121 4745 multiplicanda
1138 4679 1165 4731 in
1184 4678 1350 4745 quatientem
1369 4678 1459 4743 (supra
1477 4681 1586 4728 membro
1601 4678 1637 4743 7)
1657 4692 1706 4745 pro
1725 4673 1872 4729 latitudine
1893 4674 2058 4735 adservatum,

720 4748 823 4812 lactus,
839 4746 939 4869 ldemtis
959 4750 974 4801 b
993 4747 1110 4816 ultimis,
1136 4748 1207 4801 iuter
1224 4754 1368 4816 tangentes
1388 4746 1527 4815 quaesitus
1546 4746 1658 4801 exhibet
1675 4744 1905 4815 complementum
1925 4740 2058 4799 latitudinis

720 4832 799 4869 verae
819 4833 836 4884 p
849 4826 953 4870 anctae.

824 4886 914 4954 Atque
932 4887 1005 4942 hunc
1023 4886 1131 4941 modum
1148 4902 1181 4940 ex
1201 4887 1266 4941 meis
1286 4886 1489 4940 Commentariis
1508 4887 1605 4940 blurtis
1624 4892 1651 4941 et
1669 4901 1702 4938 01
1721 4885 1840 4954 epistola
1859 4885 1974 4954 petitum
1992 4878 2058 4937 trtdii

720 4954 846 5080 plaginnp
865 4956 892 5009 in
911 4956 1105 5026 Supplcmento
1123 4957 1347 5025 Ephemeridum,
1372 4957 1419 5011 ubi
1442 4962 1533 5011 tamen
1556 4964 1620 5013 suut
1636 4956 1728 5024 aliqua
1746 4955 1911 5025 corrigenda
1929 4951 2058 5011 secuudum

731 5026 764 5080 ric
782 5032 824 5079 tra
844 5026 890 5079 itu.

826 5096 920 5149 Potest
937 5096 982 5151 hic
999 5095 1096 5151 modus
1114 5095 1194 5151 etiarn
1212 5111 1262 5164 per
1279 5097 1532 5164 mesulogarithmos
1551 5094 1662 5150 absolvi.
1700 5095 1753 5150 Sed
1773 5096 1872 5151 horum
1890 5101 1977 5149 totum
1994 5105 2057 5145 cauo·

722 5180 783 5219 nem
806 5181 859 5219 non
886 5165 939 5220 ieci
975 5173 1070 5221 rartcm
1088 5165 1251 5221 Tabularum
1276 5167 1402 5237 istarum,
1430 5175 1457 5221 et
1481 5166 1566 5236 gignit
1585 5182 1677 5222 corum
1696 5181 1764 5221 usus
1783 5167 1926 5223 cautiones
1944 5160 2058 5220 tuentes

722 5249 851 5291 onerosas
869 5235 950 5291 etad
978 5252 1061 5307 apsns
1078 5237 1223 5293 memoriae
1240 5236 1384 5308 proclives.
