<?xml version="1.0" encoding="UTF-8"?>
<!DOCTYPE html PUBLIC "-//W3C//DTD XHTML 1.0 Transitional//EN"
    "http://www.w3.org/TR/xhtml1/DTD/xhtml1-transitional.dtd">
<html xmlns="http://www.w3.org/1999/xhtml" xml:lang="en" lang="en">
 <head>
  <title>
</title>
<meta http-equiv="Content-Type" content="text/html;charset=utf-8" />
  <meta name='ocr-system' content='tesseract 3.04.00' />
  <meta name='ocr-capabilities' content='ocr_page ocr_carea ocr_par ocr_line ocrx_word'/>
</head>
<body>
  <div class='ocr_page' id='page_1' title='image "./joanniskepleria16frisgoog_0031.png"; bbox 0 0 5575 6342; ppageno 0'>
   <div class='ocr_carea' id='block_1_1' title="bbox 715 782 1693 862">
    <p class='ocr_par' dir='ltr' id='par_1_1' title="bbox 715 782 1693 862">
     <span class='ocr_line' id='line_1_1' title="bbox 715 782 1693 862; baseline 0 -22"><span class='ocrx_word' id='word_1_1' title='bbox 715 782 779 862; x_wconf 76' lang='lat'>20&#39;</span> <span class='ocrx_word' id='word_1_2' title='bbox 1103 785 1247 856; x_wconf 81' lang='lat' dir='ltr'>Epistulae</span> <span class='ocrx_word' id='word_1_3' title='bbox 1265 785 1379 854; x_wconf 77' lang='lat' dir='ltr'>liepleri</span> <span class='ocrx_word' id='word_1_4' title='bbox 1397 782 1566 853; x_wconf 86' lang='lat' dir='ltr'>aliorumque</span> <span class='ocrx_word' id='word_1_5' title='bbox 1584 794 1693 840; x_wconf 89' lang='lat' dir='ltr'>mutuae</span> 
     </span>
    </p>
   </div>
   <div class='ocr_carea' id='block_1_2' title="bbox 687 961 2089 2065">
    <p class='ocr_par' dir='ltr' id='par_1_2' title="bbox 716 961 2089 1864">
     <span class='ocr_line' id='line_1_2' title="bbox 718 961 2089 1026; baseline 0.001 -11"><span class='ocrx_word' id='word_1_6' title='bbox 718 970 796 1017; x_wconf 65' lang='lat' dir='ltr'>tam</span> <span class='ocrx_word' id='word_1_7' title='bbox 815 973 840 1013; x_wconf 87' lang='lat' dir='ltr'>et</span> <span class='ocrx_word' id='word_1_8' title='bbox 856 967 966 1019; x_wconf 76' lang='lat' dir='ltr'>reiranei</span> <span class='ocrx_word' id='word_1_9' title='bbox 985 965 1017 1013; x_wconf 89' lang='lat' dir='ltr'>de</span> <span class='ocrx_word' id='word_1_10' title='bbox 1037 978 1108 1014; x_wconf 76' lang='lat' dir='ltr'>noun.</span> <span class='ocrx_word' id='word_1_11' title='bbox 1146 964 1209 1012; x_wconf 80' lang='lat' dir='ltr'>Nam</span> <span class='ocrx_word' id='word_1_12' title='bbox 1228 966 1314 1026; x_wconf 73' lang='lat' dir='ltr'>accipe</span> <span class='ocrx_word' id='word_1_13' title='bbox 1332 966 1424 1012; x_wconf 88' lang='lat' dir='ltr'>lentem</span> <span class='ocrx_word' id='word_1_14' title='bbox 1443 977 1586 1015; x_wconf 71' lang='lat' dir='ltr'>concavum</span> <span class='ocrx_word' id='word_1_15' title='bbox 1605 961 1746 1013; x_wconf 78' lang='lat' dir='ltr'>transibunt</span> <span class='ocrx_word' id='word_1_16' title='bbox 1764 964 1913 1013; x_wconf 81' lang='lat' dir='ltr'>radiiSolis</span> <span class='ocrx_word' id='word_1_17' title='bbox 1925 979 1978 1014; x_wconf 91' lang='lat' dir='ltr'>non</span> <span class='ocrx_word' id='word_1_18' title='bbox 1992 966 2089 1017; x_wconf 88' lang='lat' dir='ltr'>saltem</span> 
     </span>
     <span class='ocr_line' id='line_1_3' title="bbox 716 1033 2088 1099; baseline 0 -13"><span class='ocrx_word' id='word_1_19' title='bbox 716 1040 744 1086; x_wconf 92' lang='lat' dir='ltr'>ln</span> <span class='ocrx_word' id='word_1_20' title='bbox 763 1038 926 1099; x_wconf 82' lang='lat' dir='ltr'>oppositum,</span> <span class='ocrx_word' id='word_1_21' title='bbox 950 1049 1035 1084; x_wconf 79' lang='lat' dir='ltr'>renim</span> <span class='ocrx_word' id='word_1_22' title='bbox 1054 1038 1131 1083; x_wconf 83' lang='lat' dir='ltr'>etiam</span> <span class='ocrx_word' id='word_1_23' title='bbox 1150 1048 1235 1082; x_wconf 79' lang='lat' dir='ltr'>versus</span> <span class='ocrx_word' id='word_1_24' title='bbox 1254 1033 1351 1084; x_wconf 82' lang='lat' dir='ltr'>Solem:</span> <span class='ocrx_word' id='word_1_25' title='bbox 1380 1049 1437 1093; x_wconf 77' lang='lat' dir='ltr'>ergo</span> <span class='ocrx_word' id='word_1_26' title='bbox 1457 1048 1568 1081; x_wconf 83' lang='lat' dir='ltr'>cometae</span> <span class='ocrx_word' id='word_1_27' title='bbox 1587 1034 1704 1082; x_wconf 85' lang='lat' dir='ltr'>deberent</span> <span class='ocrx_word' id='word_1_28' title='bbox 1725 1035 1815 1082; x_wconf 79' lang='lat' dir='ltr'>babere</span> <span class='ocrx_word' id='word_1_29' title='bbox 1833 1049 1933 1096; x_wconf 86' lang='lat' dir='ltr'>semper</span> <span class='ocrx_word' id='word_1_30' title='bbox 1951 1037 2088 1098; x_wconf 81' lang='lat' dir='ltr'>duplicem</span> 
     </span>
     <span class='ocr_line' id='line_1_4' title="bbox 718 1103 2088 1170; baseline 0 -14"><span class='ocrx_word' id='word_1_31' title='bbox 718 1109 839 1163; x_wconf 86' lang='lat' dir='ltr'>taudam;</span> <span class='ocrx_word' id='word_1_32' title='bbox 868 1116 894 1153; x_wconf 88' lang='lat' dir='ltr'>at</span> <span class='ocrx_word' id='word_1_33' title='bbox 912 1108 956 1154; x_wconf 93' lang='lat' dir='ltr'>ubi</span> <span class='ocrx_word' id='word_1_34' title='bbox 977 1114 1035 1154; x_wconf 88' lang='lat' dir='ltr'>sunt</span> <span class='ocrx_word' id='word_1_35' title='bbox 1053 1109 1172 1167; x_wconf 80' lang='lat' dir='ltr'>parietes,</span> <span class='ocrx_word' id='word_1_36' title='bbox 1200 1106 1358 1165; x_wconf 85' lang='lat' dir='ltr'>receptacula</span> <span class='ocrx_word' id='word_1_37' title='bbox 1381 1103 1500 1151; x_wconf 73' lang='lat' dir='ltr'>luminis?</span> <span class='ocrx_word' id='word_1_38' title='bbox 1531 1105 1556 1152; x_wconf 75' lang='lat' dir='ltr'>Si</span> <span class='ocrx_word' id='word_1_39' title='bbox 1578 1118 1676 1151; x_wconf 87' lang='lat' dir='ltr'>manum</span> <span class='ocrx_word' id='word_1_40' title='bbox 1697 1105 1828 1157; x_wconf 74' lang='lat' dir='ltr'>admoves.</span> <span class='ocrx_word' id='word_1_41' title='bbox 1854 1104 1957 1165; x_wconf 74' lang='lat' dir='ltr'>colliges</span> <span class='ocrx_word' id='word_1_42' title='bbox 1976 1108 2088 1170; x_wconf 88' lang='lat' dir='ltr'>quidem</span> 
     </span>
     <span class='ocr_line' id='line_1_5' title="bbox 717 1175 2089 1234; baseline 0.001 -10"><span class='ocrx_word' id='word_1_43' title='bbox 717 1178 802 1224; x_wconf 89' lang='lat' dir='ltr'>lumen</span> <span class='ocrx_word' id='word_1_44' title='bbox 823 1186 848 1223; x_wconf 90' lang='lat' dir='ltr'>et</span> <span class='ocrx_word' id='word_1_45' title='bbox 866 1178 967 1224; x_wconf 82' lang='lat' dir='ltr'>visibile</span> <span class='ocrx_word' id='word_1_46' title='bbox 985 1176 1049 1223; x_wconf 90' lang='lat' dir='ltr'>illud</span> <span class='ocrx_word' id='word_1_47' title='bbox 1069 1175 1169 1224; x_wconf 80' lang='lat' dir='ltr'>reddes:</span> <span class='ocrx_word' id='word_1_48' title='bbox 1195 1176 1271 1233; x_wconf 63' lang='lat' dir='ltr'>igitur</span> <span class='ocrx_word' id='word_1_49' title='bbox 1295 1190 1340 1233; x_wconf 77' lang='lat' dir='ltr'>ego</span> <span class='ocrx_word' id='word_1_50' title='bbox 1367 1188 1433 1234; x_wconf 89' lang='lat' dir='ltr'>pono</span> <span class='ocrx_word' id='word_1_51' title='bbox 1457 1175 1490 1220; x_wconf 87' lang='lat' dir='ltr'>ad</span> <span class='ocrx_word' id='word_1_52' title='bbox 1515 1177 1697 1221; x_wconf 69' lang='lat' dir='ltr'>extremitatem</span> <span class='ocrx_word' id='word_1_53' title='bbox 1716 1177 1809 1222; x_wconf 82' lang='lat' dir='ltr'>candae</span> <span class='ocrx_word' id='word_1_54' title='bbox 1828 1189 1906 1221; x_wconf 77' lang='lat' dir='ltr'>meam</span> <span class='ocrx_word' id='word_1_55' title='bbox 1927 1178 2024 1224; x_wconf 84' lang='lat' dir='ltr'>lentem</span> <span class='ocrx_word' id='word_1_56' title='bbox 2044 1180 2089 1226; x_wconf 80' lang='lat' dir='ltr'>rel</span> 
     </span>
     <span class='ocr_line' id='line_1_6' title="bbox 717 1243 2088 1309; baseline 0.001 -14"><span class='ocrx_word' id='word_1_57' title='bbox 717 1246 920 1309; x_wconf 72' lang='lat' dir='ltr'>qualemcunque</span> <span class='ocrx_word' id='word_1_58' title='bbox 939 1250 1054 1305; x_wconf 80' lang='lat' dir='ltr'>liguram.</span> <span class='ocrx_word' id='word_1_59' title='bbox 1081 1259 1147 1308; x_wconf 65' lang='lat' dir='ltr'>:puae</span> <span class='ocrx_word' id='word_1_60' title='bbox 1171 1246 1269 1291; x_wconf 66' lang='lat' dir='ltr'>undem</span> <span class='ocrx_word' id='word_1_61' title='bbox 1289 1246 1315 1290; x_wconf 84' lang='lat' dir='ltr'>ri</span> <span class='ocrx_word' id='word_1_62' title='bbox 1333 1243 1422 1291; x_wconf 83' lang='lat' dir='ltr'>caloris</span> <span class='ocrx_word' id='word_1_63' title='bbox 1442 1252 1466 1290; x_wconf 87' lang='lat' dir='ltr'>st</span> <span class='ocrx_word' id='word_1_64' title='bbox 1484 1252 1583 1304; x_wconf 81' lang='lat' dir='ltr'>propter</span> <span class='ocrx_word' id='word_1_65' title='bbox 1602 1252 1717 1292; x_wconf 85' lang='lat' dir='ltr'>naturam</span> <span class='ocrx_word' id='word_1_66' title='bbox 1738 1247 1882 1292; x_wconf 71' lang='lat' dir='ltr'>coelestium</span> <span class='ocrx_word' id='word_1_67' title='bbox 1902 1261 2039 1307; x_wconf 64' lang='lat' dir='ltr'>:corporum</span> <span class='ocrx_word' id='word_1_68' title='bbox 2060 1251 2088 1296; x_wconf 91' lang='lat' dir='ltr'>in</span> 
     </span>
     <span class='ocr_line' id='line_1_7' title="bbox 719 1315 2087 1381; baseline -0.001 -16"><span class='ocrx_word' id='word_1_69' title='bbox 719 1318 874 1379; x_wconf 81' lang='lat' dir='ltr'>sphaericam</span> <span class='ocrx_word' id='word_1_70' title='bbox 893 1315 932 1365; x_wconf 81' lang='lat' dir='ltr'>rel</span> <span class='ocrx_word' id='word_1_71' title='bbox 952 1316 1088 1377; x_wconf 87' lang='lat' dir='ltr'>ellipticam</span> <span class='ocrx_word' id='word_1_72' title='bbox 1108 1316 1247 1374; x_wconf 73' lang='lat' dir='ltr'>degeneret.</span> <span class='ocrx_word' id='word_1_73' title='bbox 1267 1324 1293 1360; x_wconf 92' lang='lat' dir='ltr'>ut</span> <span class='ocrx_word' id='word_1_74' title='bbox 1313 1317 1337 1360; x_wconf 92' lang='lat' dir='ltr'>in</span> <span class='ocrx_word' id='word_1_75' title='bbox 1358 1328 1412 1360; x_wconf 85' lang='lat' dir='ltr'>meo</span> <span class='ocrx_word' id='word_1_76' title='bbox 1432 1322 1538 1360; x_wconf 76' lang='lat' dir='ltr'>tractatu</span> <span class='ocrx_word' id='word_1_77' title='bbox 1556 1315 1619 1364; x_wconf 79' lang='lat' dir='ltr'>inse.</span> <span class='ocrx_word' id='word_1_78' title='bbox 1639 1322 1663 1361; x_wconf 87' lang='lat' dir='ltr'>et</span> <span class='ocrx_word' id='word_1_79' title='bbox 1681 1316 1746 1365; x_wconf 81' lang='lat' dir='ltr'>inde.</span> <span class='ocrx_word' id='word_1_80' title='bbox 1765 1324 1793 1361; x_wconf 89' lang='lat' dir='ltr'>ut</span> <span class='ocrx_word' id='word_1_81' title='bbox 1806 1318 1831 1362; x_wconf 92' lang='lat' dir='ltr'>in</span> <span class='ocrx_word' id='word_1_82' title='bbox 1844 1316 1953 1376; x_wconf 71' lang='lat' dir='ltr'>speculis</span> <span class='ocrx_word' id='word_1_83' title='bbox 1967 1320 2087 1381; x_wconf 64' lang='lat' dir='ltr'>assiriis,</span> 
     </span>
     <span class='ocr_line' id='line_1_8' title="bbox 717 1384 2088 1449; baseline 0 -14"><span class='ocrx_word' id='word_1_84' title='bbox 717 1389 904 1449; x_wconf 67' lang='lat' dir='ltr'>generationem</span> <span class='ocrx_word' id='word_1_85' title='bbox 925 1390 1013 1447; x_wconf 65' lang='lat' dir='ltr'>:rapitis</span> <span class='ocrx_word' id='word_1_86' title='bbox 1032 1394 1058 1431; x_wconf 87' lang='lat' dir='ltr'>et</span> <span class='ocrx_word' id='word_1_87' title='bbox 1076 1386 1170 1432; x_wconf 80' lang='lat' dir='ltr'>cantiae</span> <span class='ocrx_word' id='word_1_88' title='bbox 1190 1399 1256 1431; x_wconf 74' lang='lat' dir='ltr'>eruc).</span> <span class='ocrx_word' id='word_1_89' title='bbox 1290 1384 1367 1430; x_wconf 66' lang='lat' dir='ltr'>Vides</span> <span class='ocrx_word' id='word_1_90' title='bbox 1386 1387 1469 1437; x_wconf 73' lang='lat' dir='ltr'>lentur,</span> <span class='ocrx_word' id='word_1_91' title='bbox 1490 1397 1528 1429; x_wconf 83' lang='lat' dir='ltr'>me</span> <span class='ocrx_word' id='word_1_92' title='bbox 1546 1399 1596 1430; x_wconf 87' lang='lat' dir='ltr'>non</span> <span class='ocrx_word' id='word_1_93' title='bbox 1616 1398 1705 1443; x_wconf 83' lang='lat' dir='ltr'>ponere</span> <span class='ocrx_word' id='word_1_94' title='bbox 1724 1386 1907 1446; x_wconf 84' lang='lat' dir='ltr'>phantasticum</span> <span class='ocrx_word' id='word_1_95' title='bbox 1928 1402 2023 1449; x_wconf 82' lang='lat' dir='ltr'>corpus</span> <span class='ocrx_word' id='word_1_96' title='bbox 2045 1391 2088 1436; x_wconf 79' lang='lat' dir='ltr'>sel</span> 
     </span>
     <span class='ocr_line' id='line_1_9' title="bbox 719 1452 2087 1518; baseline 0.001 -13"><span class='ocrx_word' id='word_1_97' title='bbox 719 1471 815 1505; x_wconf 82' lang='lat' dir='ltr'>meram</span> <span class='ocrx_word' id='word_1_98' title='bbox 834 1457 1004 1505; x_wconf 77' lang='lat' dir='ltr'>retlexionem.</span> <span class='ocrx_word' id='word_1_99' title='bbox 1024 1458 1083 1518; x_wconf 87' lang='lat' dir='ltr'>imo,</span> <span class='ocrx_word' id='word_1_100' title='bbox 1102 1455 1164 1517; x_wconf 79' lang='lat' dir='ltr'>qnid</span> <span class='ocrx_word' id='word_1_101' title='bbox 1183 1457 1203 1501; x_wconf 85' lang='lat' dir='ltr'>si</span> <span class='ocrx_word' id='word_1_102' title='bbox 1223 1468 1277 1501; x_wconf 88' lang='lat' dir='ltr'>eam</span> <span class='ocrx_word' id='word_1_103' title='bbox 1297 1452 1370 1515; x_wconf 82' lang='lat' dir='ltr'>plene</span> <span class='ocrx_word' id='word_1_104' title='bbox 1390 1467 1549 1516; x_wconf 71' lang='lat' dir='ltr'>poneremus,</span> <span class='ocrx_word' id='word_1_105' title='bbox 1569 1468 1653 1501; x_wconf 85' lang='lat' dir='ltr'>annon</span> <span class='ocrx_word' id='word_1_106' title='bbox 1673 1469 1730 1502; x_wconf 81' lang='lat' dir='ltr'>suos</span> <span class='ocrx_word' id='word_1_107' title='bbox 1750 1456 1850 1502; x_wconf 83' lang='lat' dir='ltr'>baberet</span> <span class='ocrx_word' id='word_1_108' title='bbox 1869 1459 1989 1504; x_wconf 83' lang='lat' dir='ltr'>terminos</span> <span class='ocrx_word' id='word_1_109' title='bbox 2011 1474 2087 1506; x_wconf 82' lang='lat' dir='ltr'>conr·</span> 
     </span>
     <span class='ocr_line' id='line_1_10' title="bbox 717 1522 2088 1586; baseline 0.001 -12"><span class='ocrx_word' id='word_1_110' title='bbox 717 1527 901 1575; x_wconf 66' lang='lat' dir='ltr'>mensurabiles</span> <span class='ocrx_word' id='word_1_111' title='bbox 922 1536 947 1573; x_wconf 85' lang='lat' dir='ltr'>et</span> <span class='ocrx_word' id='word_1_112' title='bbox 963 1528 1116 1573; x_wconf 72' lang='lat' dir='ltr'>distinctos?</span> <span class='ocrx_word' id='word_1_113' title='bbox 1144 1524 1170 1572; x_wconf 80' lang='lat' dir='ltr'>st</span> <span class='ocrx_word' id='word_1_114' title='bbox 1192 1531 1257 1571; x_wconf 72' lang='lat' dir='ltr'>esset</span> <span class='ocrx_word' id='word_1_115' title='bbox 1280 1522 1385 1586; x_wconf 84' lang='lat' dir='ltr'>planum</span> <span class='ocrx_word' id='word_1_116' title='bbox 1411 1538 1516 1584; x_wconf 85' lang='lat' dir='ltr'>corpus.</span> <span class='ocrx_word' id='word_1_117' title='bbox 1544 1525 1625 1570; x_wconf 74' lang='lat' dir='ltr'>railios</span> <span class='ocrx_word' id='word_1_118' title='bbox 1643 1523 1709 1572; x_wconf 76' lang='lat' dir='ltr'>Solis</span> <span class='ocrx_word' id='word_1_119' title='bbox 1728 1527 1908 1585; x_wconf 79' lang='lat' dir='ltr'>repercutiens.</span> <span class='ocrx_word' id='word_1_120' title='bbox 1933 1536 1994 1574; x_wconf 83' lang='lat' dir='ltr'>tuno</span> <span class='ocrx_word' id='word_1_121' title='bbox 2016 1530 2088 1576; x_wconf 82' lang='lat' dir='ltr'>radii</span> 
     </span>
     <span class='ocr_line' id='line_1_11' title="bbox 720 1592 2088 1658; baseline 0.002 -14"><span class='ocrx_word' id='word_1_122' title='bbox 720 1600 858 1658; x_wconf 71' lang='lat' dir='ltr'>repercussi</span> <span class='ocrx_word' id='word_1_123' title='bbox 879 1612 928 1643; x_wconf 92' lang='lat' dir='ltr'>non</span> <span class='ocrx_word' id='word_1_124' title='bbox 948 1599 1057 1657; x_wconf 67' lang='lat' dir='ltr'>coirent,</span> <span class='ocrx_word' id='word_1_125' title='bbox 1083 1596 1188 1647; x_wconf 71' lang='lat' dir='ltr'>nnsulus</span> <span class='ocrx_word' id='word_1_126' title='bbox 1208 1597 1274 1640; x_wconf 87' lang='lat' dir='ltr'>enim</span> <span class='ocrx_word' id='word_1_127' title='bbox 1295 1595 1447 1640; x_wconf 73' lang='lat' dir='ltr'>incidentiae</span> <span class='ocrx_word' id='word_1_128' title='bbox 1467 1604 1491 1640; x_wconf 81' lang='lat' dir='ltr'>et</span> <span class='ocrx_word' id='word_1_129' title='bbox 1510 1592 1651 1640; x_wconf 81' lang='lat' dir='ltr'>retlexionis</span> <span class='ocrx_word' id='word_1_130' title='bbox 1670 1594 1754 1641; x_wconf 87' lang='lat' dir='ltr'>nullus</span> <span class='ocrx_word' id='word_1_131' title='bbox 1774 1603 1850 1657; x_wconf 58' lang='lat' dir='ltr'>esset²</span> <span class='ocrx_word' id='word_1_132' title='bbox 1874 1597 1916 1642; x_wconf 65' lang='lat' dir='ltr'>sed</span> <span class='ocrx_word' id='word_1_133' title='bbox 1942 1596 2088 1647; x_wconf 70' lang='lat' dir='ltr'>raetiae·</span> 
     </span>
     <span class='ocr_line' id='line_1_12' title="bbox 719 1662 2087 1731; baseline 0.001 -17"><span class='ocrx_word' id='word_1_134' title='bbox 719 1674 790 1714; x_wconf 80' lang='lat' dir='ltr'>reeta</span> <span class='ocrx_word' id='word_1_135' title='bbox 806 1674 831 1714; x_wconf 85' lang='lat' dir='ltr'>et</span> <span class='ocrx_word' id='word_1_136' title='bbox 850 1681 935 1713; x_wconf 87' lang='lat' dir='ltr'>nmnes</span> <span class='ocrx_word' id='word_1_137' title='bbox 953 1664 1098 1726; x_wconf 80' lang='lat' dir='ltr'>parallelus,</span> <span class='ocrx_word' id='word_1_138' title='bbox 1135 1665 1173 1711; x_wconf 89' lang='lat' dir='ltr'>De</span> <span class='ocrx_word' id='word_1_139' title='bbox 1199 1663 1263 1710; x_wconf 89' lang='lat' dir='ltr'>iride</span> <span class='ocrx_word' id='word_1_140' title='bbox 1287 1670 1311 1709; x_wconf 85' lang='lat' dir='ltr'>et</span> <span class='ocrx_word' id='word_1_141' title='bbox 1337 1665 1426 1711; x_wconf 75' lang='lat' dir='ltr'>belone</span> <span class='ocrx_word' id='word_1_142' title='bbox 1450 1678 1488 1710; x_wconf 84' lang='lat' dir='ltr'>res</span> <span class='ocrx_word' id='word_1_143' title='bbox 1507 1662 1580 1722; x_wconf 68' lang='lat' dir='ltr'>lonae</span> <span class='ocrx_word' id='word_1_144' title='bbox 1600 1665 1755 1711; x_wconf 81' lang='lat' dir='ltr'>dirtlcilinres</span> <span class='ocrx_word' id='word_1_145' title='bbox 1773 1674 1832 1712; x_wconf 77' lang='lat' dir='ltr'>urat</span> <span class='ocrx_word' id='word_1_146' title='bbox 1850 1670 2003 1729; x_wconf 65' lang='lat' dir='ltr'>cuiusquam</span> <span class='ocrx_word' id='word_1_147' title='bbox 2024 1671 2087 1731; x_wconf 90' lang='lat' dir='ltr'>opi·</span> 
     </span>
     <span class='ocr_line' id='line_1_13' title="bbox 721 1735 2087 1801; baseline 0.001 -17"><span class='ocrx_word' id='word_1_148' title='bbox 721 1739 803 1785; x_wconf 82' lang='lat' dir='ltr'>niune.</span> <span class='ocrx_word' id='word_1_149' title='bbox 842 1738 938 1783; x_wconf 85' lang='lat' dir='ltr'>Dentur</span> <span class='ocrx_word' id='word_1_150' title='bbox 956 1739 1022 1783; x_wconf 89' lang='lat' dir='ltr'>enirn</span> <span class='ocrx_word' id='word_1_151' title='bbox 1042 1738 1122 1796; x_wconf 91' lang='lat' dir='ltr'>primo</span> <span class='ocrx_word' id='word_1_152' title='bbox 1142 1742 1223 1781; x_wconf 75' lang='lat' dir='ltr'>certae</span> <span class='ocrx_word' id='word_1_153' title='bbox 1243 1735 1429 1780; x_wconf 59' lang='lat' dir='ltr'>iittservationes</span> <span class='ocrx_word' id='word_1_154' title='bbox 1447 1736 1472 1780; x_wconf 91' lang='lat' dir='ltr'>in</span> <span class='ocrx_word' id='word_1_155' title='bbox 1492 1735 1559 1780; x_wconf 77' lang='lat' dir='ltr'>boris</span> <span class='ocrx_word' id='word_1_156' title='bbox 1578 1743 1602 1780; x_wconf 87' lang='lat' dir='ltr'>et</span> <span class='ocrx_word' id='word_1_157' title='bbox 1620 1737 1731 1783; x_wconf 85' lang='lat' dir='ltr'>minutis.</span> <span class='ocrx_word' id='word_1_158' title='bbox 1751 1744 1776 1780; x_wconf 84' lang='lat' dir='ltr'>et</span> <span class='ocrx_word' id='word_1_159' title='bbox 1794 1737 1990 1791; x_wconf 66' lang='lat' dir='ltr'>magnitudines.</span> <span class='ocrx_word' id='word_1_160' title='bbox 2012 1739 2087 1801; x_wconf 86' lang='lat' dir='ltr'>qued</span> 
     </span>
     <span class='ocr_line' id='line_1_14' title="bbox 719 1801 1732 1864; baseline -0.002 -10"><span class='ocrx_word' id='word_1_161' title='bbox 719 1820 791 1854; x_wconf 86' lang='lat' dir='ltr'>nemo</span> <span class='ocrx_word' id='word_1_162' title='bbox 810 1808 891 1854; x_wconf 75' lang='lat' dir='ltr'>adbuc:</span> <span class='ocrx_word' id='word_1_163' title='bbox 909 1814 1029 1855; x_wconf 78' lang='lat' dir='ltr'>tentavit:</span> <span class='ocrx_word' id='word_1_164' title='bbox 1050 1807 1113 1852; x_wconf 88' lang='lat' dir='ltr'>latet</span> <span class='ocrx_word' id='word_1_165' title='bbox 1130 1814 1155 1851; x_wconf 88' lang='lat' dir='ltr'>et</span> <span class='ocrx_word' id='word_1_166' title='bbox 1173 1806 1239 1850; x_wconf 82' lang='lat' dir='ltr'>alius</span> <span class='ocrx_word' id='word_1_167' title='bbox 1258 1804 1339 1849; x_wconf 84' lang='lat' dir='ltr'>nodus</span> <span class='ocrx_word' id='word_1_168' title='bbox 1357 1804 1388 1850; x_wconf 82' lang='lat' dir='ltr'>de</span> <span class='ocrx_word' id='word_1_169' title='bbox 1408 1801 1549 1854; x_wconf 80' lang='lat' dir='ltr'>talonibus.</span> <span class='ocrx_word' id='word_1_170' title='bbox 1568 1803 1669 1864; x_wconf 82' lang='lat' dir='ltr'>pereliis</span> <span class='ocrx_word' id='word_1_171' title='bbox 1687 1816 1732 1852; x_wconf 84' lang='lat' dir='ltr'>ete.</span> 
     </span>
    </p>

    <p class='ocr_par' dir='ltr' id='par_1_3' title="bbox 687 1873 2087 2065">
     <span class='ocr_line' id='line_1_15' title="bbox 825 1873 2086 1933; baseline 0.002 -9"><span class='ocrx_word' id='word_1_172' title='bbox 825 1876 927 1924; x_wconf 85' lang='lat' dir='ltr'>Utinam</span> <span class='ocrx_word' id='word_1_173' title='bbox 945 1886 1003 1924; x_wconf 87' lang='lat' dir='ltr'>tuus</span> <span class='ocrx_word' id='word_1_174' title='bbox 1021 1873 1123 1923; x_wconf 88' lang='lat' dir='ltr'>libellus</span> <span class='ocrx_word' id='word_1_175' title='bbox 1142 1876 1278 1921; x_wconf 71' lang='lat' dir='ltr'>nometieus</span> <span class='ocrx_word' id='word_1_176' title='bbox 1298 1874 1420 1932; x_wconf 83' lang='lat' dir='ltr'>prodiret:</span> <span class='ocrx_word' id='word_1_177' title='bbox 1447 1888 1504 1920; x_wconf 83' lang='lat' dir='ltr'>nam</span> <span class='ocrx_word' id='word_1_178' title='bbox 1528 1885 1553 1918; x_wconf 82' lang='lat' dir='ltr'>et</span> <span class='ocrx_word' id='word_1_179' title='bbox 1571 1889 1615 1933; x_wconf 75' lang='lat' dir='ltr'>ego</span> <span class='ocrx_word' id='word_1_180' title='bbox 1635 1877 1701 1922; x_wconf 80' lang='lat' dir='ltr'>eirea</span> <span class='ocrx_word' id='word_1_181' title='bbox 1719 1878 1792 1922; x_wconf 86' lang='lat' dir='ltr'>tinem</span> <span class='ocrx_word' id='word_1_182' title='bbox 1812 1873 1956 1925; x_wconf 79' lang='lat' dir='ltr'>flexuosum</span> <span class='ocrx_word' id='word_1_183' title='bbox 1974 1878 2086 1927; x_wconf 86' lang='lat' dir='ltr'>ductum</span> 
     </span>
     <span class='ocr_line' id='line_1_16' title="bbox 687 1943 2087 2013; baseline 0.002 -20"><span class='ocrx_word' id='word_1_184' title='bbox 687 1946 701 1965; x_wconf 70' lang='lat'>⁸</span> <span class='ocrx_word' id='word_1_185' title='bbox 718 1948 856 2005; x_wconf 73' lang='lat' dir='ltr'>observavi,</span> <span class='ocrx_word' id='word_1_186' title='bbox 876 1962 950 2011; x_wconf 83' lang='lat' dir='ltr'>quein</span> <span class='ocrx_word' id='word_1_187' title='bbox 970 1961 999 1993; x_wconf 79' lang='lat' dir='ltr'>es</span> <span class='ocrx_word' id='word_1_188' title='bbox 1019 1954 1089 1992; x_wconf 85' lang='lat' dir='ltr'>mutu</span> <span class='ocrx_word' id='word_1_189' title='bbox 1107 1945 1198 1992; x_wconf 83' lang='lat' dir='ltr'>Terrae</span> <span class='ocrx_word' id='word_1_190' title='bbox 1217 1943 1316 1990; x_wconf 85' lang='lat' dir='ltr'>defendi</span> <span class='ocrx_word' id='word_1_191' title='bbox 1337 1957 1409 2002; x_wconf 74' lang='lat' dir='ltr'>posse</span> <span class='ocrx_word' id='word_1_192' title='bbox 1429 1946 1511 1990; x_wconf 84' lang='lat' dir='ltr'>statim</span> <span class='ocrx_word' id='word_1_193' title='bbox 1532 1944 1707 1992; x_wconf 79' lang='lat' dir='ltr'>animadverti.</span> <span class='ocrx_word' id='word_1_194' title='bbox 1728 1954 1752 1991; x_wconf 84' lang='lat' dir='ltr'>et</span> <span class='ocrx_word' id='word_1_195' title='bbox 1770 1946 1834 1992; x_wconf 85' lang='lat' dir='ltr'>bunc</span> <span class='ocrx_word' id='word_1_196' title='bbox 1853 1948 1874 1991; x_wconf 87' lang='lat' dir='ltr'>si</span> <span class='ocrx_word' id='word_1_197' title='bbox 1895 1961 2031 2013; x_wconf 75' lang='lat' dir='ltr'>ponamus,</span> <span class='ocrx_word' id='word_1_198' title='bbox 2053 1949 2087 1996; x_wconf 92' lang='lat' dir='ltr'>de</span> 
     </span>
     <span class='ocr_line' id='line_1_17' title="bbox 720 2013 1462 2065; baseline -0.008 0"><span class='ocrx_word' id='word_1_199' title='bbox 720 2024 776 2065; x_wconf 87' lang='lat' dir='ltr'>ortu</span> <span class='ocrx_word' id='word_1_200' title='bbox 796 2024 820 2065; x_wconf 88' lang='lat' dir='ltr'>et</span> <span class='ocrx_word' id='word_1_201' title='bbox 839 2032 929 2064; x_wconf 75' lang='lat' dir='ltr'>neca-n</span> <span class='ocrx_word' id='word_1_202' title='bbox 948 2018 1017 2063; x_wconf 83' lang='lat' dir='ltr'>nulla</span> <span class='ocrx_word' id='word_1_203' title='bbox 1037 2017 1173 2062; x_wconf 75' lang='lat' dir='ltr'>«llincnltas</span> <span class='ocrx_word' id='word_1_204' title='bbox 1192 2016 1239 2060; x_wconf 88' lang='lat' dir='ltr'>erit</span> <span class='ocrx_word' id='word_1_205' title='bbox 1257 2027 1300 2060; x_wconf 85' lang='lat' dir='ltr'>nec</span> <span class='ocrx_word' id='word_1_206' title='bbox 1320 2013 1349 2058; x_wconf 84' lang='lat' dir='ltr'>de</span> <span class='ocrx_word' id='word_1_207' title='bbox 1369 2015 1462 2060; x_wconf 67' lang='lat' dir='ltr'>ceteris.</span> 
     </span>
    </p>
   </div>
   <div class='ocr_carea' id='block_1_3' title="bbox 718 2100 2088 2604">
    <p class='ocr_par' dir='ltr' id='par_1_4' title="bbox 718 2100 2088 2604">
     <span class='ocr_line' id='line_1_18' title="bbox 824 2100 2084 2167; baseline 0.004 -16"><span class='ocrx_word' id='word_1_208' title='bbox 824 2103 924 2165; x_wconf 79' lang='lat' dir='ltr'>llepleri</span> <span class='ocrx_word' id='word_1_209' title='bbox 945 2103 1033 2159; x_wconf 71' lang='lat' dir='ltr'>literis,</span> <span class='ocrx_word' id='word_1_210' title='bbox 1053 2104 1146 2167; x_wconf 75' lang='lat' dir='ltr'>quibn-</span> <span class='ocrx_word' id='word_1_211' title='bbox 1166 2102 1198 2148; x_wconf 85' lang='lat' dir='ltr'>nd</span> <span class='ocrx_word' id='word_1_212' title='bbox 1218 2104 1367 2162; x_wconf 77' lang='lat' dir='ltr'>praemissus</span> <span class='ocrx_word' id='word_1_213' title='bbox 1387 2101 1515 2160; x_wconf 79' lang='lat' dir='ltr'>respondit</span> <span class='ocrx_word' id='word_1_214' title='bbox 1534 2100 1557 2148; x_wconf 89' lang='lat' dir='ltr'>d.</span> <span class='ocrx_word' id='word_1_215' title='bbox 1576 2102 1619 2149; x_wconf 77' lang='lat'>³1.</span> <span class='ocrx_word' id='word_1_216' title='bbox 1634 2104 1706 2161; x_wconf 69' lang='lat' dir='ltr'>Aug..</span> <span class='ocrx_word' id='word_1_217' title='bbox 1727 2103 1787 2148; x_wconf 80' lang='lat' dir='ltr'>baec</span> <span class='ocrx_word' id='word_1_218' title='bbox 1807 2110 1902 2150; x_wconf 82' lang='lat' dir='ltr'>tantum</span> <span class='ocrx_word' id='word_1_219' title='bbox 1921 2105 1952 2150; x_wconf 73' lang='lat' dir='ltr'>«le</span> <span class='ocrx_word' id='word_1_220' title='bbox 1972 2111 2084 2156; x_wconf 77' lang='lat' dir='ltr'>cometis</span> 
     </span>
     <span class='ocr_line' id='line_1_19' title="bbox 722 2172 2085 2252; baseline 0.004 -20"><span class='ocrx_word' id='word_1_221' title='bbox 722 2188 820 2234; x_wconf 76' lang='lat' dir='ltr'>insunt:</span> <span class='ocrx_word' id='word_1_222' title='bbox 852 2175 886 2232; x_wconf 92' lang='lat' dir='ltr'>ln</span> <span class='ocrx_word' id='word_1_223' title='bbox 910 2175 1003 2233; x_wconf 86' lang='lat' dir='ltr'>latino</span> <span class='ocrx_word' id='word_1_224' title='bbox 1028 2175 1185 2250; x_wconf 87' lang='lat' dir='ltr'>opusculo,</span> <span class='ocrx_word' id='word_1_225' title='bbox 1218 2172 1296 2249; x_wconf 88' lang='lat' dir='ltr'>qnod</span> <span class='ocrx_word' id='word_1_226' title='bbox 1321 2175 1485 2246; x_wconf 77' lang='lat' dir='ltr'>Angustam</span> <span class='ocrx_word' id='word_1_227' title='bbox 1515 2174 1595 2245; x_wconf 87' lang='lat' dir='ltr'>misi,</span> <span class='ocrx_word' id='word_1_228' title='bbox 1624 2177 1757 2249; x_wconf 78' lang='lat' dir='ltr'>congessi</span> <span class='ocrx_word' id='word_1_229' title='bbox 1781 2184 1969 2250; x_wconf 78' lang='lat' dir='ltr'>quotcunque</span> <span class='ocrx_word' id='word_1_230' title='bbox 1995 2185 2085 2252; x_wconf 91' lang='lat' dir='ltr'>potui</span> 
     </span>
     <span class='ocr_line' id='line_1_20' title="bbox 718 2258 2088 2337; baseline 0.002 -14"><span class='ocrx_word' id='word_1_231' title='bbox 718 2265 848 2323; x_wconf 81' lang='lat' dir='ltr'>nancisei</span> <span class='ocrx_word' id='word_1_232' title='bbox 872 2264 1111 2335; x_wconf 77' lang='lat' dir='ltr'>observationes,</span> <span class='ocrx_word' id='word_1_233' title='bbox 1143 2279 1217 2337; x_wconf 88' lang='lat' dir='ltr'>quas</span> <span class='ocrx_word' id='word_1_234' title='bbox 1247 2264 1321 2318; x_wconf 90' lang='lat' dir='ltr'>inter</span> <span class='ocrx_word' id='word_1_235' title='bbox 1351 2271 1379 2317; x_wconf 88' lang='lat' dir='ltr'>et</span> <span class='ocrx_word' id='word_1_236' title='bbox 1402 2258 1485 2318; x_wconf 82' lang='lat' dir='ltr'>Tuae</span> <span class='ocrx_word' id='word_1_237' title='bbox 1514 2269 1582 2317; x_wconf 91' lang='lat' dir='ltr'>sunt</span> <span class='ocrx_word' id='word_1_238' title='bbox 1605 2278 1640 2318; x_wconf 81' lang='lat' dir='ltr'>cx</span> <span class='ocrx_word' id='word_1_239' title='bbox 1663 2265 1828 2337; x_wconf 77' lang='lat' dir='ltr'>gennanico</span> <span class='ocrx_word' id='word_1_240' title='bbox 1853 2266 2027 2323; x_wconf 86' lang='lat' dir='ltr'>transmisso</span> <span class='ocrx_word' id='word_1_241' title='bbox 2055 2277 2088 2326; x_wconf 89' lang='lat' dir='ltr'>et</span> 
     </span>
     <span class='ocr_line' id='line_1_21' title="bbox 719 2347 2087 2430; baseline 0.001 -21"><span class='ocrx_word' id='word_1_242' title='bbox 719 2368 794 2428; x_wconf 82' lang='lat' dir='ltr'>quas</span> <span class='ocrx_word' id='word_1_243' title='bbox 818 2350 931 2426; x_wconf 81' lang='lat' dir='ltr'>allegas</span> <span class='ocrx_word' id='word_1_244' title='bbox 955 2353 1115 2408; x_wconf 75' lang='lat' dir='ltr'>Romanas.</span> <span class='ocrx_word' id='word_1_245' title='bbox 1162 2349 1207 2407; x_wconf 90' lang='lat' dir='ltr'>De</span> <span class='ocrx_word' id='word_1_246' title='bbox 1237 2351 1329 2406; x_wconf 88' lang='lat' dir='ltr'>tribus</span> <span class='ocrx_word' id='word_1_247' title='bbox 1359 2347 1504 2405; x_wconf 88' lang='lat' dir='ltr'>distinctis</span> <span class='ocrx_word' id='word_1_248' title='bbox 1527 2351 1647 2407; x_wconf 88' lang='lat' dir='ltr'>cometis</span> <span class='ocrx_word' id='word_1_249' title='bbox 1670 2352 1763 2425; x_wconf 86' lang='lat' dir='ltr'>prima</span> <span class='ocrx_word' id='word_1_250' title='bbox 1785 2349 1858 2408; x_wconf 86' lang='lat' dir='ltr'>haec</span> <span class='ocrx_word' id='word_1_251' title='bbox 1882 2359 1933 2409; x_wconf 88' lang='lat' dir='ltr'>tna</span> <span class='ocrx_word' id='word_1_252' title='bbox 1957 2357 2087 2430; x_wconf 88' lang='lat' dir='ltr'>mentio,</span> 
     </span>
     <span class='ocr_line' id='line_1_22' title="bbox 720 2435 2088 2516; baseline 0.001 -19"><span class='ocrx_word' id='word_1_253' title='bbox 720 2456 808 2516; x_wconf 83' lang='lat' dir='ltr'>qnam</span> <span class='ocrx_word' id='word_1_254' title='bbox 833 2455 889 2514; x_wconf 83' lang='lat' dir='ltr'>ego</span> <span class='ocrx_word' id='word_1_255' title='bbox 913 2439 1032 2513; x_wconf 86' lang='lat' dir='ltr'>quidem</span> <span class='ocrx_word' id='word_1_256' title='bbox 1056 2437 1188 2496; x_wconf 82' lang='lat' dir='ltr'>viderim.</span> <span class='ocrx_word' id='word_1_257' title='bbox 1235 2436 1281 2495; x_wconf 89' lang='lat' dir='ltr'>De</span> <span class='ocrx_word' id='word_1_258' title='bbox 1310 2436 1402 2494; x_wconf 83' lang='lat' dir='ltr'>tn&#39;bus</span> <span class='ocrx_word' id='word_1_259' title='bbox 1432 2453 1502 2493; x_wconf 85' lang='lat' dir='ltr'>sane</span> <span class='ocrx_word' id='word_1_260' title='bbox 1526 2435 1669 2495; x_wconf 86' lang='lat' dir='ltr'>distinctis</span> <span class='ocrx_word' id='word_1_261' title='bbox 1692 2440 1809 2514; x_wconf 85' lang='lat' dir='ltr'>scripsi,</span> <span class='ocrx_word' id='word_1_262' title='bbox 1841 2437 1892 2496; x_wconf 86' lang='lat' dir='ltr'>sed</span> <span class='ocrx_word' id='word_1_263' title='bbox 1916 2456 1975 2496; x_wconf 92' lang='lat' dir='ltr'>nno</span> <span class='ocrx_word' id='word_1_264' title='bbox 2001 2445 2088 2499; x_wconf 86' lang='lat' dir='ltr'>unti-</span> 
     </span>
     <span class='ocr_line' id='line_1_23' title="bbox 719 2525 1314 2604; baseline -0.01 -19"><span class='ocrx_word' id='word_1_265' title='bbox 719 2529 831 2604; x_wconf 82' lang='lat' dir='ltr'>quiore‚</span> <span class='ocrx_word' id='word_1_266' title='bbox 855 2528 965 2585; x_wconf 87' lang='lat' dir='ltr'>mensis</span> <span class='ocrx_word' id='word_1_267' title='bbox 988 2527 1099 2585; x_wconf 85' lang='lat' dir='ltr'>seilicet</span> <span class='ocrx_word' id='word_1_268' title='bbox 1123 2525 1314 2601; x_wconf 78' lang='lat' dir='ltr'>Septembris.</span> 
     </span>
    </p>
   </div>
   <div class='ocr_carea' id='block_1_4' title="bbox 718 2629 2085 2884">
    <p class='ocr_par' dir='ltr' id='par_1_5' title="bbox 718 2629 2085 2884">
     <span class='ocr_line' id='line_1_24' title="bbox 822 2629 2085 2711; baseline 0.002 -20"><span class='ocrx_word' id='word_1_269' title='bbox 822 2633 869 2692; x_wconf 88' lang='lat' dir='ltr'>De</span> <span class='ocrx_word' id='word_1_270' title='bbox 889 2632 1013 2691; x_wconf 83' lang='lat' dir='ltr'>maculis</span> <span class='ocrx_word' id='word_1_271' title='bbox 1036 2635 1195 2691; x_wconf 80' lang='lat' dir='ltr'>assentitur</span> <span class='ocrx_word' id='word_1_272' title='bbox 1218 2631 1271 2688; x_wconf 90' lang='lat' dir='ltr'>tibi</span> <span class='ocrx_word' id='word_1_273' title='bbox 1289 2629 1410 2696; x_wconf 83' lang='lat' dir='ltr'>Marius,</span> <span class='ocrx_word' id='word_1_274' title='bbox 1435 2639 1532 2687; x_wconf 80' lang='lat' dir='ltr'>cetera</span> <span class='ocrx_word' id='word_1_275' title='bbox 1556 2638 1639 2688; x_wconf 86' lang='lat' dir='ltr'>rates</span> <span class='ocrx_word' id='word_1_276' title='bbox 1663 2632 1775 2687; x_wconf 81' lang='lat' dir='ltr'>inrisus</span> <span class='ocrx_word' id='word_1_277' title='bbox 1799 2642 1828 2687; x_wconf 88' lang='lat' dir='ltr'>et</span> <span class='ocrx_word' id='word_1_278' title='bbox 1852 2630 1948 2688; x_wconf 84' lang='lat' dir='ltr'>undar</span> <span class='ocrx_word' id='word_1_279' title='bbox 1965 2642 1994 2689; x_wconf 87' lang='lat' dir='ltr'>et</span> <span class='ocrx_word' id='word_1_280' title='bbox 2012 2635 2085 2711; x_wconf 89' lang='lat' dir='ltr'>plus</span> 
     </span>
     <span class='ocr_line' id='line_1_25' title="bbox 719 2716 2085 2797; baseline 0.001 -18"><span class='ocrx_word' id='word_1_281' title='bbox 719 2736 808 2797; x_wconf 79' lang='lat' dir='ltr'>qnam</span> <span class='ocrx_word' id='word_1_282' title='bbox 838 2728 1027 2797; x_wconf 77' lang='lat' dir='ltr'>prognostes,</span> <span class='ocrx_word' id='word_1_283' title='bbox 1060 2729 1091 2776; x_wconf 90' lang='lat' dir='ltr'>nt</span> <span class='ocrx_word' id='word_1_284' title='bbox 1123 2718 1240 2793; x_wconf 88' lang='lat' dir='ltr'>quidem</span> <span class='ocrx_word' id='word_1_285' title='bbox 1270 2726 1299 2775; x_wconf 91' lang='lat' dir='ltr'>et</span> <span class='ocrx_word' id='word_1_286' title='bbox 1327 2718 1442 2774; x_wconf 83' lang='lat' dir='ltr'>latetur.</span> <span class='ocrx_word' id='word_1_287' title='bbox 1491 2716 1608 2777; x_wconf 84' lang='lat' dir='ltr'>Habeat</span> <span class='ocrx_word' id='word_1_288' title='bbox 1631 2718 1686 2775; x_wconf 84' lang='lat' dir='ltr'>sibi</span> <span class='ocrx_word' id='word_1_289' title='bbox 1711 2735 1754 2777; x_wconf 86' lang='lat' dir='ltr'>res</span> <span class='ocrx_word' id='word_1_290' title='bbox 1778 2735 1847 2776; x_wconf 82' lang='lat' dir='ltr'>suas</span> <span class='ocrx_word' id='word_1_291' title='bbox 1871 2723 2009 2794; x_wconf 87' lang='lat' dir='ltr'>seorsim,</span> <span class='ocrx_word' id='word_1_292' title='bbox 2043 2740 2085 2783; x_wconf 88' lang='lat' dir='ltr'>ue</span> 
     </span>
     <span class='ocr_line' id='line_1_26' title="bbox 718 2810 1363 2884; baseline -0.008 -18"><span class='ocrx_word' id='word_1_293' title='bbox 718 2811 818 2884; x_wconf 64' lang='lat' dir='ltr'>gravis</span> <span class='ocrx_word' id='word_1_294' title='bbox 837 2811 876 2866; x_wconf 72' lang='lat' dir='ltr'>tlt</span> <span class='ocrx_word' id='word_1_295' title='bbox 899 2810 1012 2867; x_wconf 73' lang='lat' dir='ltr'>amicis.</span> <span class='ocrx_word' id='word_1_296' title='bbox 1047 2816 1105 2868; x_wconf 65' lang='lat' dir='ltr'>«teir.</span> <span class='ocrx_word' id='word_1_297' title='bbox 1125 2816 1173 2862; x_wconf 78' lang='lat' dir='ltr'>vet.</span> <span class='ocrx_word' id='word_1_298' title='bbox 1193 2815 1226 2861; x_wconf 91' lang='lat' dir='ltr'>ll.</span> <span class='ocrx_word' id='word_1_299' title='bbox 1244 2816 1296 2862; x_wconf 80' lang='lat' dir='ltr'>tus</span> <span class='ocrx_word' id='word_1_300' title='bbox 1315 2810 1363 2862; x_wconf 51' lang='lat' dir='ltr'>ssssl</span> 
     </span>
    </p>
   </div>
   <div class='ocr_carea' id='block_1_5' title="bbox 723 2911 2086 3164">
    <p class='ocr_par' dir='ltr' id='par_1_6' title="bbox 723 2911 2086 3164">
     <span class='ocr_line' id='line_1_27' title="bbox 823 2911 2085 2990; baseline 0.001 -20"><span class='ocrx_word' id='word_1_301' title='bbox 823 2912 1011 2990; x_wconf 82' lang='lat' dir='ltr'>Hypothesin</span> <span class='ocrx_word' id='word_1_302' title='bbox 1043 2920 1125 2971; x_wconf 88' lang='lat' dir='ltr'>tuam</span> <span class='ocrx_word' id='word_1_303' title='bbox 1152 2913 1325 2970; x_wconf 85' lang='lat' dir='ltr'>cometieam</span> <span class='ocrx_word' id='word_1_304' title='bbox 1354 2928 1412 2967; x_wconf 92' lang='lat' dir='ltr'>non</span> <span class='ocrx_word' id='word_1_305' title='bbox 1441 2920 1517 2967; x_wconf 88' lang='lat' dir='ltr'>recte</span> <span class='ocrx_word' id='word_1_306' title='bbox 1546 2911 1763 2967; x_wconf 78' lang='lat' dir='ltr'>examinaturus</span> <span class='ocrx_word' id='word_1_307' title='bbox 1792 2927 1874 2981; x_wconf 86' lang='lat' dir='ltr'>snm,</span> <span class='ocrx_word' id='word_1_308' title='bbox 1905 2913 2085 2988; x_wconf 82' lang='lat' dir='ltr'>priusquam</span> 
     </span>
     <span class='ocr_line' id='line_1_28' title="bbox 723 2997 2086 3076; baseline -0.001 -17"><span class='ocrx_word' id='word_1_309' title='bbox 723 3000 805 3059; x_wconf 85' lang='lat' dir='ltr'>illam</span> <span class='ocrx_word' id='word_1_310' title='bbox 836 3002 1002 3059; x_wconf 75' lang='lat' dir='ltr'>obseruatis</span> <span class='ocrx_word' id='word_1_311' title='bbox 1031 3001 1162 3076; x_wconf 81' lang='lat' dir='ltr'>applices</span> <span class='ocrx_word' id='word_1_312' title='bbox 1192 3009 1221 3058; x_wconf 90' lang='lat' dir='ltr'>et</span> <span class='ocrx_word' id='word_1_313' title='bbox 1244 2998 1542 3057; x_wconf 85' lang='lat' dir='ltr'>demonstrationibus</span> <span class='ocrx_word' id='word_1_314' title='bbox 1566 2999 1690 3055; x_wconf 78' lang='lat' dir='ltr'>intexas.</span> <span class='ocrx_word' id='word_1_315' title='bbox 1736 2997 1845 3056; x_wconf 84' lang='lat' dir='ltr'>l‘ideor</span> <span class='ocrx_word' id='word_1_316' title='bbox 1868 3007 1965 3056; x_wconf 71' lang='lat' dir='ltr'>nmen</span> <span class='ocrx_word' id='word_1_317' title='bbox 1991 3018 2086 3076; x_wconf 81' lang='lat' dir='ltr'>prae-</span> 
     </span>
     <span class='ocr_line' id='line_1_29' title="bbox 724 3085 1906 3164; baseline -0.003 -17"><span class='ocrx_word' id='word_1_318' title='bbox 724 3106 839 3148; x_wconf 82' lang='lat' dir='ltr'>sumere</span> <span class='ocrx_word' id='word_1_319' title='bbox 862 3091 960 3146; x_wconf 84' lang='lat' dir='ltr'>animo</span> <span class='ocrx_word' id='word_1_320' title='bbox 984 3098 1095 3147; x_wconf 90' lang='lat' dir='ltr'>motum</span> <span class='ocrx_word' id='word_1_321' title='bbox 1119 3091 1238 3164; x_wconf 82' lang='lat' dir='ltr'>parietis</span> <span class='ocrx_word' id='word_1_322' title='bbox 1262 3086 1342 3144; x_wconf 88' lang='lat' dir='ltr'>illius</span> <span class='ocrx_word' id='word_1_323' title='bbox 1363 3096 1445 3144; x_wconf 91' lang='lat' dir='ltr'>motu</span> <span class='ocrx_word' id='word_1_324' title='bbox 1469 3085 1588 3143; x_wconf 79' lang='lat' dir='ltr'>Saturni</span> <span class='ocrx_word' id='word_1_325' title='bbox 1611 3086 1782 3144; x_wconf 84' lang='lat' dir='ltr'>celeriorem</span> <span class='ocrx_word' id='word_1_326' title='bbox 1804 3086 1906 3143; x_wconf 88' lang='lat' dir='ltr'>multo.</span> 
     </span>
    </p>
   </div>
   <div class='ocr_carea' id='block_1_6' title="bbox 716 3190 2085 4058">
    <p class='ocr_par' dir='ltr' id='par_1_7' title="bbox 716 3190 2085 3837">
     <span class='ocr_line' id='line_1_30' title="bbox 822 3190 2085 3267; baseline 0.002 -17"><span class='ocrx_word' id='word_1_327' title='bbox 822 3192 868 3250; x_wconf 89' lang='lat' dir='ltr'>De</span> <span class='ocrx_word' id='word_1_328' title='bbox 899 3191 1007 3250; x_wconf 81' lang='lat' dir='ltr'>belone</span> <span class='ocrx_word' id='word_1_329' title='bbox 1036 3202 1064 3250; x_wconf 91' lang='lat' dir='ltr'>et</span> <span class='ocrx_word' id='word_1_330' title='bbox 1095 3191 1217 3250; x_wconf 89' lang='lat' dir='ltr'>iridibns</span> <span class='ocrx_word' id='word_1_331' title='bbox 1245 3190 1347 3266; x_wconf 70' lang='lat' dir='ltr'>attona</span> <span class='ocrx_word' id='word_1_332' title='bbox 1375 3190 1464 3267; x_wconf 84' lang='lat' dir='ltr'>plana</span> <span class='ocrx_word' id='word_1_333' title='bbox 1488 3191 1550 3264; x_wconf 83' lang='lat' dir='ltr'>jarn</span> <span class='ocrx_word' id='word_1_334' title='bbox 1575 3201 1641 3248; x_wconf 84' lang='lat' dir='ltr'>sunt</span> <span class='ocrx_word' id='word_1_335' title='bbox 1659 3238 1664 3248; x_wconf 88' lang='lat'>.</span> <span class='ocrx_word' id='word_1_336' title='bbox 1683 3237 1689 3247; x_wconf 93' lang='lat'>.</span> <span class='ocrx_word' id='word_1_337' title='bbox 1707 3234 1740 3247; x_wconf 93' lang='lat'>..</span> <span class='ocrx_word' id='word_1_338' title='bbox 1785 3190 1860 3248; x_wconf 81' lang='lat' dir='ltr'>Nam</span> <span class='ocrx_word' id='word_1_339' title='bbox 1883 3192 1964 3249; x_wconf 89' lang='lat' dir='ltr'>iridis</span> <span class='ocrx_word' id='word_1_340' title='bbox 1987 3198 2085 3252; x_wconf 88' lang='lat' dir='ltr'>semi·</span> 
     </span>
     <span class='ocr_line' id='line_1_31' title="bbox 717 3274 2082 3358; baseline -0.001 -19"><span class='ocrx_word' id='word_1_341' title='bbox 717 3278 858 3339; x_wconf 87' lang='lat' dir='ltr'>diameter</span> <span class='ocrx_word' id='word_1_342' title='bbox 874 3282 1043 3355; x_wconf 86' lang='lat' dir='ltr'>(primariae</span> <span class='ocrx_word' id='word_1_343' title='bbox 1059 3290 1104 3339; x_wconf 89' lang='lat' dir='ltr'>est</span> <span class='ocrx_word' id='word_1_344' title='bbox 1120 3275 1185 3352; x_wconf 75' lang='lat'>45⁰,</span> <span class='ocrx_word' id='word_1_345' title='bbox 1204 3279 1320 3336; x_wconf 85' lang='lat' dir='ltr'>balonis</span> <span class='ocrx_word' id='word_1_346' title='bbox 1337 3274 1448 3358; x_wconf 49' lang='lat' dir='ltr'>‘ml-2⁰*</span> <span class='ocrx_word' id='word_1_347' title='bbox 1473 3277 1553 3336; x_wconf 86' lang='lat' dir='ltr'>iridis</span> <span class='ocrx_word' id='word_1_348' title='bbox 1568 3278 1758 3337; x_wconf 81' lang='lat' dir='ltr'>secundariae</span> <span class='ocrx_word' id='word_1_349' title='bbox 1780 3276 1833 3335; x_wconf 80' lang='lat'><em>11¹¹</em></span> <span class='ocrx_word' id='word_1_350' title='bbox 1850 3278 1977 3354; x_wconf 85' lang='lat' dir='ltr'>amplius</span> <span class='ocrx_word' id='word_1_351' title='bbox 1993 3323 2001 3336; x_wconf 91' lang='lat'><strong>.</strong></span> <span class='ocrx_word' id='word_1_352' title='bbox 2018 3329 2025 3340; x_wconf 90' lang='lat'>.</span> <span class='ocrx_word' id='word_1_353' title='bbox 2046 3327 2053 3338; x_wconf 93' lang='lat'>.</span> <span class='ocrx_word' id='word_1_354' title='bbox 2075 3328 2082 3341; x_wconf 91' lang='lat'>.</span> 
     </span>
     <span class='ocr_line' id='line_1_32' title="bbox 717 3363 2084 3430; baseline 0.001 -15"><span class='ocrx_word' id='word_1_355' title='bbox 717 3368 769 3426; x_wconf 76' lang='lat' dir='ltr'>(etr.</span> <span class='ocrx_word' id='word_1_356' title='bbox 792 3366 840 3415; x_wconf 83' lang='lat' dir='ltr'>vol.</span> <span class='ocrx_word' id='word_1_357' title='bbox 861 3366 891 3414; x_wconf 91' lang='lat' dir='ltr'>ll.</span> <span class='ocrx_word' id='word_1_358' title='bbox 910 3381 935 3428; x_wconf 92' lang='lat' dir='ltr'>p.</span> <span class='ocrx_word' id='word_1_359' title='bbox 956 3368 1026 3430; x_wconf 69' lang='lat' dir='ltr'>stt.)</span> <span class='ocrx_word' id='word_1_360' title='bbox 1063 3367 1103 3414; x_wconf 81' lang='lat' dir='ltr'>Ad</span> <span class='ocrx_word' id='word_1_361' title='bbox 1123 3366 1328 3414; x_wconf 71' lang='lat' dir='ltr'>haesitemus:</span> <span class='ocrx_word' id='word_1_362' title='bbox 1353 3365 1391 3412; x_wconf 78' lang='lat' dir='ltr'>Ea</span> <span class='ocrx_word' id='word_1_363' title='bbox 1419 3379 1473 3412; x_wconf 87' lang='lat' dir='ltr'>meo</span> <span class='ocrx_word' id='word_1_364' title='bbox 1502 3372 1608 3412; x_wconf 80' lang='lat' dir='ltr'>tractatu</span> <span class='ocrx_word' id='word_1_365' title='bbox 1627 3366 1801 3427; x_wconf 81' lang='lat' dir='ltr'>Oenipoatano</span> <span class='ocrx_word' id='word_1_366' title='bbox 1827 3363 1891 3412; x_wconf 89' lang='lat' dir='ltr'>nibil</span> <span class='ocrx_word' id='word_1_367' title='bbox 1910 3366 1971 3412; x_wconf 89' lang='lat' dir='ltr'>certi</span> <span class='ocrx_word' id='word_1_368' title='bbox 1991 3368 2084 3416; x_wconf 86' lang='lat' dir='ltr'>haberi</span> 
     </span>
     <span class='ocr_line' id='line_1_33' title="bbox 717 3433 2084 3500; baseline 0.001 -15"><span class='ocrx_word' id='word_1_369' title='bbox 717 3443 816 3500; x_wconf 74' lang='lat' dir='ltr'>potest,</span> <span class='ocrx_word' id='word_1_370' title='bbox 844 3449 900 3482; x_wconf 79' lang='lat' dir='ltr'>nam</span> <span class='ocrx_word' id='word_1_371' title='bbox 925 3438 950 3484; x_wconf 91' lang='lat' dir='ltr'>in</span> <span class='ocrx_word' id='word_1_372' title='bbox 970 3438 1095 3485; x_wconf 81' lang='lat' dir='ltr'>distantiis</span> <span class='ocrx_word' id='word_1_373' title='bbox 1120 3439 1193 3499; x_wconf 87' lang='lat' dir='ltr'>posui</span> <span class='ocrx_word' id='word_1_374' title='bbox 1218 3436 1247 3483; x_wconf 86' lang='lat' dir='ltr'>da</span> <span class='ocrx_word' id='word_1_375' title='bbox 1275 3442 1347 3483; x_wconf 83' lang='lat' dir='ltr'>nocte</span> <span class='ocrx_word' id='word_1_376' title='bbox 1366 3433 1466 3482; x_wconf 86' lang='lat' dir='ltr'>oculum</span> <span class='ocrx_word' id='word_1_377' title='bbox 1486 3442 1557 3482; x_wconf 74' lang='lat' dir='ltr'>extra</span> <span class='ocrx_word' id='word_1_378' title='bbox 1576 3435 1733 3496; x_wconf 77' lang='lat' dir='ltr'>pinnaeidis.</span> <span class='ocrx_word' id='word_1_379' title='bbox 1759 3436 1862 3495; x_wconf 83' lang='lat' dir='ltr'>probavi</span> <span class='ocrx_word' id='word_1_380' title='bbox 1880 3449 1924 3496; x_wconf 87' lang='lat' dir='ltr'>per</span> <span class='ocrx_word' id='word_1_381' title='bbox 1943 3435 2084 3487; x_wconf 68' lang='lat' dir='ltr'>distantias</span> 
     </span>
     <span class='ocr_line' id='line_1_34' title="bbox 718 3502 2083 3567; baseline -0.001 -13"><span class='ocrx_word' id='word_1_382' title='bbox 718 3508 825 3555; x_wconf 87' lang='lat' dir='ltr'>turrium</span> <span class='ocrx_word' id='word_1_383' title='bbox 851 3506 882 3552; x_wconf 87' lang='lat' dir='ltr'>de</span> <span class='ocrx_word' id='word_1_384' title='bbox 907 3506 947 3555; x_wconf 87' lang='lat' dir='ltr'>die</span> <span class='ocrx_word' id='word_1_385' title='bbox 969 3515 994 3553; x_wconf 83' lang='lat' dir='ltr'>et</span> <span class='ocrx_word' id='word_1_386' title='bbox 1018 3509 1155 3555; x_wconf 82' lang='lat' dir='ltr'>notabilem</span> <span class='ocrx_word' id='word_1_387' title='bbox 1182 3508 1261 3567; x_wconf 89' lang='lat' dir='ltr'>reperi</span> <span class='ocrx_word' id='word_1_388' title='bbox 1288 3505 1495 3553; x_wconf 76' lang='lat' dir='ltr'>differentiam-et</span> <span class='ocrx_word' id='word_1_389' title='bbox 1514 3505 1650 3553; x_wconf 81' lang='lat' dir='ltr'>seeundum</span> <span class='ocrx_word' id='word_1_390' title='bbox 1677 3506 1740 3553; x_wconf 86' lang='lat' dir='ltr'>banc</span> <span class='ocrx_word' id='word_1_391' title='bbox 1759 3502 1866 3566; x_wconf 81' lang='lat' dir='ltr'>reliquas</span> <span class='ocrx_word' id='word_1_392' title='bbox 1885 3508 1989 3554; x_wconf 73' lang='lat' dir='ltr'>correxi.</span> <span class='ocrx_word' id='word_1_393' title='bbox 2028 3508 2083 3557; x_wconf 83' lang='lat' dir='ltr'>Sed</span> 
     </span>
     <span class='ocr_line' id='line_1_35' title="bbox 718 3573 2083 3641; baseline -0.002 -16"><span class='ocrx_word' id='word_1_394' title='bbox 718 3579 843 3625; x_wconf 81' lang='lat' dir='ltr'>azimutbs</span> <span class='ocrx_word' id='word_1_395' title='bbox 862 3585 886 3623; x_wconf 91' lang='lat' dir='ltr'>et</span> <span class='ocrx_word' id='word_1_396' title='bbox 905 3574 1052 3625; x_wconf 81' lang='lat' dir='ltr'>altitudines</span> <span class='ocrx_word' id='word_1_397' title='bbox 1071 3578 1218 3636; x_wconf 79' lang='lat' dir='ltr'>diligentins</span> <span class='ocrx_word' id='word_1_398' title='bbox 1230 3582 1315 3637; x_wconf 81' lang='lat' dir='ltr'>captae</span> <span class='ocrx_word' id='word_1_399' title='bbox 1331 3577 1443 3627; x_wconf 73' lang='lat' dir='ltr'>lutitant:</span> <span class='ocrx_word' id='word_1_400' title='bbox 1464 3577 1549 3635; x_wconf 87' lang='lat' dir='ltr'>poium</span> <span class='ocrx_word' id='word_1_401' title='bbox 1563 3584 1644 3622; x_wconf 77' lang='lat' dir='ltr'>tamen</span> <span class='ocrx_word' id='word_1_402' title='bbox 1658 3577 1736 3637; x_wconf 82' lang='lat' dir='ltr'>reperi</span> <span class='ocrx_word' id='word_1_403' title='bbox 1752 3586 1806 3636; x_wconf 80' lang='lat' dir='ltr'>post</span> <span class='ocrx_word' id='word_1_404' title='bbox 1820 3573 1953 3634; x_wconf 71' lang='lat' dir='ltr'>diligenter</span> <span class='ocrx_word' id='word_1_405' title='bbox 1964 3574 2013 3625; x_wconf 77' lang='lat' dir='ltr'>tt⁰</span> <span class='ocrx_word' id='word_1_406' title='bbox 2031 3582 2083 3641; x_wconf 66' lang='grc' dir='ltr'>ιε’,</span> 
     </span>
     <span class='ocr_line' id='line_1_36' title="bbox 716 3644 2083 3709; baseline 0.002 -14"><span class='ocrx_word' id='word_1_407' title='bbox 716 3661 767 3695; x_wconf 90' lang='lat' dir='ltr'>nou</span> <span class='ocrx_word' id='word_1_408' title='bbox 786 3646 837 3695; x_wconf 72' lang='lat'>46⁰</span> <span class='ocrx_word' id='word_1_409' title='bbox 854 3646 942 3708; x_wconf 53' lang='lat' dir='ltr'>wlf,</span> <span class='ocrx_word' id='word_1_410' title='bbox 972 3660 1031 3694; x_wconf 85' lang='lat' dir='ltr'>nam</span> <span class='ocrx_word' id='word_1_411' title='bbox 1059 3662 1102 3708; x_wconf 92' lang='lat' dir='ltr'>per</span> <span class='ocrx_word' id='word_1_412' title='bbox 1128 3648 1260 3706; x_wconf 78' lang='lat' dir='ltr'>gnomonis</span> <span class='ocrx_word' id='word_1_413' title='bbox 1288 3660 1394 3693; x_wconf 88' lang='lat' dir='ltr'>errorem</span> <span class='ocrx_word' id='word_1_414' title='bbox 1414 3648 1454 3693; x_wconf 76' lang='lat'>30⁴</span> <span class='ocrx_word' id='word_1_415' title='bbox 1475 3652 1499 3692; x_wconf 86' lang='lat' dir='ltr'>et</span> <span class='ocrx_word' id='word_1_416' title='bbox 1524 3644 1631 3707; x_wconf 82' lang='lat' dir='ltr'>amplius</span> <span class='ocrx_word' id='word_1_417' title='bbox 1655 3646 1801 3697; x_wconf 80' lang='lat' dir='ltr'>deruerunt.</span> <span class='ocrx_word' id='word_1_418' title='bbox 1829 3645 1903 3709; x_wconf 84' lang='lat' dir='ltr'>quia,</span> <span class='ocrx_word' id='word_1_419' title='bbox 1930 3647 1973 3693; x_wconf 87' lang='lat' dir='ltr'>nbi</span> <span class='ocrx_word' id='word_1_420' title='bbox 2002 3646 2083 3697; x_wconf 88' lang='lat' dir='ltr'>debui</span> 
     </span>
     <span class='ocr_line' id='line_1_37' title="bbox 718 3714 2082 3779; baseline 0.003 -15"><span class='ocrx_word' id='word_1_421' title='bbox 718 3718 810 3765; x_wconf 82' lang='lat' dir='ltr'>addere</span> <span class='ocrx_word' id='word_1_422' title='bbox 833 3718 1046 3765; x_wconf 83' lang='lat' dir='ltr'>semidiametrum</span> <span class='ocrx_word' id='word_1_423' title='bbox 1070 3716 1150 3775; x_wconf 81' lang='lat' dir='ltr'>Solis,</span> <span class='ocrx_word' id='word_1_424' title='bbox 1174 3717 1287 3764; x_wconf 78' lang='lat' dir='ltr'>subtraxi</span> <span class='ocrx_word' id='word_1_425' title='bbox 1306 3726 1354 3765; x_wconf 81' lang='lat' dir='ltr'>ete,</span> <span class='ocrx_word' id='word_1_426' title='bbox 1391 3716 1456 3764; x_wconf 85' lang='lat' dir='ltr'>Hinc</span> <span class='ocrx_word' id='word_1_427' title='bbox 1484 3714 1581 3779; x_wconf 82' lang='lat' dir='ltr'>reliqua</span> <span class='ocrx_word' id='word_1_428' title='bbox 1607 3715 1776 3766; x_wconf 72' lang='lat' dir='ltr'>aestimaudaz</span> <span class='ocrx_word' id='word_1_429' title='bbox 1801 3729 1857 3762; x_wconf 85' lang='lat' dir='ltr'>cum</span> <span class='ocrx_word' id='word_1_430' title='bbox 1883 3723 1993 3777; x_wconf 89' lang='lat' dir='ltr'>tempore</span> <span class='ocrx_word' id='word_1_431' title='bbox 2017 3732 2082 3768; x_wconf 88' lang='lat' dir='ltr'>enn-</span> 
     </span>
     <span class='ocr_line' id='line_1_38' title="bbox 717 3784 915 3837; baseline 0.005 -1"><span class='ocrx_word' id='word_1_432' title='bbox 717 3784 803 3836; x_wconf 84' lang='lat' dir='ltr'>eleabo</span> <span class='ocrx_word' id='word_1_433' title='bbox 823 3790 915 3837; x_wconf 82' lang='lat' dir='ltr'>omnia.</span> 
     </span>
    </p>

    <p class='ocr_par' dir='ltr' id='par_1_8' title="bbox 716 3856 2082 4058">
     <span class='ocr_line' id='line_1_39' title="bbox 819 3856 2082 3921; baseline 0.001 -15"><span class='ocrx_word' id='word_1_434' title='bbox 819 3858 861 3906; x_wconf 85' lang='lat' dir='ltr'>Sic</span> <span class='ocrx_word' id='word_1_435' title='bbox 880 3865 931 3921; x_wconf 83' lang='lat' dir='ltr'>est,</span> <span class='ocrx_word' id='word_1_436' title='bbox 957 3872 1041 3907; x_wconf 87' lang='lat' dir='ltr'>mense</span> <span class='ocrx_word' id='word_1_437' title='bbox 1059 3858 1201 3920; x_wconf 82' lang='lat' dir='ltr'>Septembri</span> <span class='ocrx_word' id='word_1_438' title='bbox 1225 3857 1301 3904; x_wconf 85' lang='lat' dir='ltr'>etiarn</span> <span class='ocrx_word' id='word_1_439' title='bbox 1320 3857 1463 3904; x_wconf 76' lang='lat' dir='ltr'>obstrietus</span> <span class='ocrx_word' id='word_1_440' title='bbox 1484 3856 1532 3903; x_wconf 78' lang='lat' dir='ltr'>t&#39;nit</span> <span class='ocrx_word' id='word_1_441' title='bbox 1552 3857 1650 3903; x_wconf 82' lang='lat' dir='ltr'>tiraecii</span> <span class='ocrx_word' id='word_1_442' title='bbox 1669 3871 1682 3902; x_wconf 82' lang='lat' dir='ltr'>a</span> <span class='ocrx_word' id='word_1_443' title='bbox 1702 3856 1731 3905; x_wconf 87' lang='lat' dir='ltr'>P.</span> <span class='ocrx_word' id='word_1_444' title='bbox 1750 3856 1829 3904; x_wconf 85' lang='lat' dir='ltr'>Paulo</span> <span class='ocrx_word' id='word_1_445' title='bbox 1850 3856 1959 3905; x_wconf 74' lang='lat' dir='ltr'>Guldiuo</span> <span class='ocrx_word' id='word_1_446' title='bbox 1981 3865 2082 3908; x_wconf 82' lang='lat' dir='ltr'>cometa</span> 
     </span>
     <span class='ocr_line' id='line_1_40' title="bbox 716 3926 2080 3991; baseline 0 -13"><span class='ocrx_word' id='word_1_447' title='bbox 716 3941 791 3989; x_wconf 78' lang='lat' dir='ltr'>supra</span> <span class='ocrx_word' id='word_1_448' title='bbox 810 3928 871 3976; x_wconf 82' lang='lat' dir='ltr'>L&#39;rsa</span> <span class='ocrx_word' id='word_1_449' title='bbox 890 3935 915 3976; x_wconf 93' lang='lat' dir='ltr'>et</span> <span class='ocrx_word' id='word_1_450' title='bbox 933 3943 949 3975; x_wconf 86' lang='lat' dir='ltr'>u</span> <span class='ocrx_word' id='word_1_451' title='bbox 967 3937 1004 3991; x_wconf 83' lang='lat' dir='ltr'>te,</span> <span class='ocrx_word' id='word_1_452' title='bbox 1030 3943 1074 3989; x_wconf 77' lang='lat' dir='ltr'>ego</span> <span class='ocrx_word' id='word_1_453' title='bbox 1100 3942 1149 3976; x_wconf 86' lang='lat' dir='ltr'>non</span> <span class='ocrx_word' id='word_1_454' title='bbox 1173 3926 1225 3974; x_wconf 84' lang='lat' dir='ltr'>vidi</span> <span class='ocrx_word' id='word_1_455' title='bbox 1250 3940 1361 3990; x_wconf 87' lang='lat' dir='ltr'>unquam</span> <span class='ocrx_word' id='word_1_456' title='bbox 1381 3940 1425 3974; x_wconf 85' lang='lat' dir='ltr'>nec</span> <span class='ocrx_word' id='word_1_457' title='bbox 1445 3926 1594 3985; x_wconf 58' lang='lat' dir='ltr'>trimodum,</span> <span class='ocrx_word' id='word_1_458' title='bbox 1622 3932 1650 3973; x_wconf 92' lang='lat' dir='ltr'>ut</span> <span class='ocrx_word' id='word_1_459' title='bbox 1669 3941 1753 3973; x_wconf 78' lang='lat' dir='ltr'>terum</span> <span class='ocrx_word' id='word_1_460' title='bbox 1772 3926 1868 3988; x_wconf 85' lang='lat' dir='ltr'>dicam,</span> <span class='ocrx_word' id='word_1_461' title='bbox 1893 3926 2018 3975; x_wconf 81' lang='lat' dir='ltr'>sollicitus</span> <span class='ocrx_word' id='word_1_462' title='bbox 2041 3931 2080 3978; x_wconf 78' lang='lat' dir='ltr'>fui</span> 
     </span>
     <span class='ocr_line' id='line_1_41' title="bbox 716 3996 1893 4058; baseline 0.001 -13"><span class='ocrx_word' id='word_1_463' title='bbox 716 3996 747 4045; x_wconf 88' lang='lat' dir='ltr'>de</span> <span class='ocrx_word' id='word_1_464' title='bbox 765 4010 806 4048; x_wconf 83' lang='lat' dir='ltr'>eo.</span> <span class='ocrx_word' id='word_1_465' title='bbox 827 4024 850 4033; x_wconf 96' lang='lat'><em>—</em></span> <span class='ocrx_word' id='word_1_466' title='bbox 877 4000 976 4047; x_wconf 80' lang='lat' dir='ltr'>Dubius</span> <span class='ocrx_word' id='word_1_467' title='bbox 994 4013 1050 4047; x_wconf 85' lang='lat' dir='ltr'>sum</span> <span class='ocrx_word' id='word_1_468' title='bbox 1069 4001 1095 4046; x_wconf 90' lang='lat' dir='ltr'>in</span> <span class='ocrx_word' id='word_1_469' title='bbox 1115 3998 1220 4045; x_wconf 84' lang='lat' dir='ltr'>maculis</span> <span class='ocrx_word' id='word_1_470' title='bbox 1239 4011 1285 4058; x_wconf 88' lang='lat' dir='ltr'>pro</span> <span class='ocrx_word' id='word_1_471' title='bbox 1303 3998 1416 4049; x_wconf 77' lang='lat' dir='ltr'>materia,</span> <span class='ocrx_word' id='word_1_472' title='bbox 1436 4011 1466 4044; x_wconf 85' lang='lat' dir='ltr'>an</span> <span class='ocrx_word' id='word_1_473' title='bbox 1486 3997 1609 4043; x_wconf 73' lang='lat' dir='ltr'>siritlciant</span> <span class='ocrx_word' id='word_1_474' title='bbox 1629 3996 1659 4043; x_wconf 83' lang='lat' dir='ltr'>ad</span> <span class='ocrx_word' id='word_1_475' title='bbox 1678 4002 1775 4044; x_wconf 67' lang='lat' dir='ltr'>tentrim</span> <span class='ocrx_word' id='word_1_476' title='bbox 1794 3998 1893 4046; x_wconf 80' lang='lat' dir='ltr'>molem.</span> 
     </span>
    </p>
   </div>
   <div class='ocr_carea' id='block_1_7' title="bbox 820 4083 2078 4147">
    <p class='ocr_par' dir='ltr' id='par_1_9' title="bbox 820 4083 2078 4147">
     <span class='ocr_line' id='line_1_42' title="bbox 820 4083 2078 4147; baseline 0.001 -15"><span class='ocrx_word' id='word_1_477' title='bbox 820 4088 989 4135; x_wconf 78' lang='lat' dir='ltr'>Verisimilius</span> <span class='ocrx_word' id='word_1_478' title='bbox 1009 4094 1084 4147; x_wconf 89' lang='lat' dir='ltr'>putu.</span> <span class='ocrx_word' id='word_1_479' title='bbox 1108 4092 1229 4133; x_wconf 84' lang='lat' dir='ltr'>cometem</span> <span class='ocrx_word' id='word_1_480' title='bbox 1248 4086 1323 4132; x_wconf 87' lang='lat' dir='ltr'>istum</span> <span class='ocrx_word' id='word_1_481' title='bbox 1343 4083 1468 4132; x_wconf 79' lang='lat' dir='ltr'>Tellurem</span> <span class='ocrx_word' id='word_1_482' title='bbox 1488 4098 1531 4144; x_wconf 84' lang='lat' dir='ltr'>pru</span> <span class='ocrx_word' id='word_1_483' title='bbox 1550 4092 1634 4131; x_wconf 77' lang='lat' dir='ltr'>cenna</span> <span class='ocrx_word' id='word_1_484' title='bbox 1654 4084 1694 4129; x_wconf 84' lang='lat' dir='ltr'>sui</span> <span class='ocrx_word' id='word_1_485' title='bbox 1713 4094 1795 4130; x_wconf 88' lang='lat' dir='ltr'>motus</span> <span class='ocrx_word' id='word_1_486' title='bbox 1815 4084 1931 4130; x_wconf 81' lang='lat' dir='ltr'>babuisse</span> <span class='ocrx_word' id='word_1_487' title='bbox 1949 4093 1974 4130; x_wconf 89' lang='lat' dir='ltr'>et</span> <span class='ocrx_word' id='word_1_488' title='bbox 1993 4096 2078 4134; x_wconf 86' lang='lat' dir='ltr'>retro·</span> 
     </span>
    </p>
   </div>
   <div class='ocr_carea' id='block_1_8' title="bbox 717 4153 2160 4217">
    <p class='ocr_par' dir='ltr' id='par_1_10' title="bbox 717 4153 2160 4217">
     <span class='ocr_line' id='line_1_43' title="bbox 717 4153 2160 4217; baseline -0.001 -12"><span class='ocrx_word' id='word_1_489' title='bbox 717 4158 890 4217; x_wconf 71' lang='lat' dir='ltr'>gradationem</span> <span class='ocrx_word' id='word_1_490' title='bbox 908 4172 938 4205; x_wconf 83' lang='lat' dir='ltr'>ex</span> <span class='ocrx_word' id='word_1_491' title='bbox 958 4158 1051 4203; x_wconf 83' lang='lat' dir='ltr'>circulo</span> <span class='ocrx_word' id='word_1_492' title='bbox 1069 4170 1154 4203; x_wconf 85' lang='lat' dir='ltr'>sunno</span> <span class='ocrx_word' id='word_1_493' title='bbox 1173 4164 1257 4202; x_wconf 80' lang='lat' dir='ltr'>uatem</span> <span class='ocrx_word' id='word_1_494' title='bbox 1277 4156 1361 4211; x_wconf 78' lang='lat' dir='ltr'>luisse,</span> <span class='ocrx_word' id='word_1_495' title='bbox 1380 4168 1426 4202; x_wconf 83' lang='lat' dir='ltr'>neo</span> <span class='ocrx_word' id='word_1_496' title='bbox 1439 4155 1472 4201; x_wconf 84' lang='lat' dir='ltr'>ed</span> <span class='ocrx_word' id='word_1_497' title='bbox 1488 4155 1590 4201; x_wconf 81' lang='lat' dir='ltr'>l&#39;eneris</span> <span class='ocrx_word' id='word_1_498' title='bbox 1603 4153 1762 4201; x_wconf 81' lang='lat' dir='ltr'>altitudinem</span> <span class='ocrx_word' id='word_1_499' title='bbox 1775 4162 1817 4198; x_wconf 85' lang='lat' dir='ltr'>ant</span> <span class='ocrx_word' id='word_1_500' title='bbox 1830 4161 1973 4200; x_wconf 84' lang='lat' dir='ltr'>contactum</span> <span class='ocrx_word' id='word_1_501' title='bbox 1987 4171 2078 4204; x_wconf 65' lang='lat' dir='ltr'>aseen-</span> <span class='ocrx_word' id='word_1_502' title='bbox 2159 4160 2160 4169; x_wconf 60' lang='lat'>¹</span> 
     </span>
    </p>
   </div>
   <div class='ocr_carea' id='block_1_9' title="bbox 715 4224 2078 4489">
    <p class='ocr_par' dir='ltr' id='par_1_11' title="bbox 715 4224 2078 4489">
     <span class='ocr_line' id='line_1_44' title="bbox 715 4224 2077 4285; baseline 0.001 -11"><span class='ocrx_word' id='word_1_503' title='bbox 715 4228 792 4283; x_wconf 82' lang='lat' dir='ltr'>disse.</span> <span class='ocrx_word' id='word_1_504' title='bbox 819 4228 862 4276; x_wconf 84' lang='lat' dir='ltr'>sed</span> <span class='ocrx_word' id='word_1_505' title='bbox 881 4236 951 4275; x_wconf 84' lang='lat' dir='ltr'>extra</span> <span class='ocrx_word' id='word_1_506' title='bbox 970 4227 1092 4273; x_wconf 77' lang='lat' dir='ltr'>lunarem</span> <span class='ocrx_word' id='word_1_507' title='bbox 1111 4227 1225 4273; x_wconf 84' lang='lat' dir='ltr'>semitam</span> <span class='ocrx_word' id='word_1_508' title='bbox 1244 4224 1385 4283; x_wconf 75' lang='lat' dir='ltr'>divagasse.</span> <span class='ocrx_word' id='word_1_509' title='bbox 1419 4224 1490 4272; x_wconf 82' lang='lat' dir='ltr'>llaec</span> <span class='ocrx_word' id='word_1_510' title='bbox 1508 4225 1603 4285; x_wconf 86' lang='lat' dir='ltr'>opinio.</span> <span class='ocrx_word' id='word_1_511' title='bbox 1632 4238 1681 4271; x_wconf 89' lang='lat' dir='ltr'>nou</span> <span class='ocrx_word' id='word_1_512' title='bbox 1700 4224 1880 4270; x_wconf 63' lang='lat' dir='ltr'>demonstratio</span> <span class='ocrx_word' id='word_1_513' title='bbox 1899 4233 1943 4271; x_wconf 83' lang='lat' dir='ltr'>est.</span> <span class='ocrx_word' id='word_1_514' title='bbox 1978 4224 2077 4275; x_wconf 83' lang='lat' dir='ltr'>Tamen</span> 
     </span>
     <span class='ocr_line' id='line_1_45' title="bbox 716 4293 2077 4361; baseline -0.002 -16"><span class='ocrx_word' id='word_1_515' title='bbox 716 4310 767 4345; x_wconf 87' lang='lat' dir='ltr'>non</span> <span class='ocrx_word' id='word_1_516' title='bbox 786 4300 871 4361; x_wconf 78' lang='lat' dir='ltr'>refert,</span> <span class='ocrx_word' id='word_1_517' title='bbox 900 4299 966 4360; x_wconf 84' lang='lat' dir='ltr'>quod</span> <span class='ocrx_word' id='word_1_518' title='bbox 990 4306 1072 4344; x_wconf 81' lang='lat' dir='ltr'>trrotns</span> <span class='ocrx_word' id='word_1_519' title='bbox 1092 4301 1201 4343; x_wconf 77' lang='lat' dir='ltr'>cometae</span> <span class='ocrx_word' id='word_1_520' title='bbox 1219 4309 1239 4342; x_wconf 88' lang='lat' dir='ltr'>c.</span> <span class='ocrx_word' id='word_1_521' title='bbox 1259 4293 1291 4340; x_wconf 82' lang='lat'>3⁰</span> <span class='ocrx_word' id='word_1_522' title='bbox 1308 4295 1465 4354; x_wconf 74' lang='lat' dir='ltr'>praejudicet</span> <span class='ocrx_word' id='word_1_523' title='bbox 1482 4296 1584 4342; x_wconf 74' lang='lat' dir='ltr'>Saturni</span> <span class='ocrx_word' id='word_1_524' title='bbox 1604 4297 1682 4341; x_wconf 89' lang='lat' dir='ltr'>motui</span> <span class='ocrx_word' id='word_1_525' title='bbox 1700 4302 1724 4340; x_wconf 85' lang='lat' dir='ltr'>et</span> <span class='ocrx_word' id='word_1_526' title='bbox 1744 4295 1813 4343; x_wconf 84' lang='lat' dir='ltr'>loco:</span> <span class='ocrx_word' id='word_1_527' title='bbox 1841 4306 1897 4340; x_wconf 87' lang='lat' dir='ltr'>nam</span> <span class='ocrx_word' id='word_1_528' title='bbox 1922 4308 1971 4340; x_wconf 86' lang='lat' dir='ltr'>non</span> <span class='ocrx_word' id='word_1_529' title='bbox 1992 4298 2077 4355; x_wconf 83' lang='lat' dir='ltr'>potuit</span> 
     </span>
     <span class='ocr_line' id='line_1_46' title="bbox 717 4365 2078 4431; baseline -0.001 -15"><span class='ocrx_word' id='word_1_530' title='bbox 717 4382 772 4415; x_wconf 81' lang='lat' dir='ltr'>ease</span> <span class='ocrx_word' id='word_1_531' title='bbox 794 4375 865 4415; x_wconf 78' lang='lat' dir='ltr'>tenta</span> <span class='ocrx_word' id='word_1_532' title='bbox 889 4369 978 4419; x_wconf 77' lang='lat' dir='ltr'>moles.</span> <span class='ocrx_word' id='word_1_533' title='bbox 1003 4374 1097 4431; x_wconf 66' lang='lat' dir='ltr'>nonita</span> <span class='ocrx_word' id='word_1_534' title='bbox 1116 4365 1230 4419; x_wconf 74' lang='lat' dir='ltr'>Saturni.</span> <span class='ocrx_word' id='word_1_535' title='bbox 1257 4378 1307 4411; x_wconf 89' lang='lat' dir='ltr'>nou</span> <span class='ocrx_word' id='word_1_536' title='bbox 1332 4366 1408 4419; x_wconf 67' lang='lat' dir='ltr'>luitur</span> <span class='ocrx_word' id='word_1_537' title='bbox 1433 4372 1528 4412; x_wconf 85' lang='lat' dir='ltr'>tuntum</span> <span class='ocrx_word' id='word_1_538' title='bbox 1551 4366 1662 4424; x_wconf 82' lang='lat' dir='ltr'>pondus,</span> <span class='ocrx_word' id='word_1_539' title='bbox 1689 4377 1739 4411; x_wconf 86' lang='lat' dir='ltr'>nun</span> <span class='ocrx_word' id='word_1_540' title='bbox 1765 4365 1840 4421; x_wconf 74' lang='lat' dir='ltr'>igitur</span> <span class='ocrx_word' id='word_1_541' title='bbox 1866 4372 1936 4409; x_wconf 79' lang='lat' dir='ltr'>tatus</span> <span class='ocrx_word' id='word_1_542' title='bbox 1960 4379 2078 4414; x_wconf 88' lang='lat' dir='ltr'>mensura</span> 
     </span>
     <span class='ocr_line' id='line_1_47' title="bbox 716 4445 867 4489; baseline 0.033 -6"><span class='ocrx_word' id='word_1_543' title='bbox 716 4446 799 4485; x_wconf 86' lang='lat' dir='ltr'>motus</span> <span class='ocrx_word' id='word_1_544' title='bbox 818 4445 867 4489; x_wconf 85' lang='lat' dir='ltr'>etc.</span> 
     </span>
    </p>
   </div>
   <div class='ocr_carea' id='block_1_10' title="bbox 713 4519 2076 4794">
    <p class='ocr_par' dir='ltr' id='par_1_12' title="bbox 713 4519 2076 4794">
     <span class='ocr_line' id='line_1_48' title="bbox 820 4519 2076 4581; baseline -0.002 -9"><span class='ocrx_word' id='word_1_545' title='bbox 820 4526 868 4572; x_wconf 87' lang='lat' dir='ltr'>Die</span> <span class='ocrx_word' id='word_1_546' title='bbox 889 4529 918 4572; x_wconf 85' lang='lat' dir='ltr'>tl</span> <span class='ocrx_word' id='word_1_547' title='bbox 950 4525 1005 4575; x_wconf 82' lang='lat' dir='ltr'>Oct.</span> <span class='ocrx_word' id='word_1_548' title='bbox 1031 4527 1091 4572; x_wconf 80' lang='lat' dir='ltr'>lreec</span> <span class='ocrx_word' id='word_1_549' title='bbox 1116 4525 1253 4572; x_wconf 82' lang='lat' dir='ltr'>subsecuta</span> <span class='ocrx_word' id='word_1_550' title='bbox 1277 4529 1349 4569; x_wconf 83' lang='lat' dir='ltr'>sunt:</span> <span class='ocrx_word' id='word_1_551' title='bbox 1376 4521 1467 4581; x_wconf 77' lang='lat' dir='ltr'>liugan</span> <span class='ocrx_word' id='word_1_552' title='bbox 1486 4521 1579 4579; x_wconf 73' lang='lat' dir='ltr'>gaudio</span> <span class='ocrx_word' id='word_1_553' title='bbox 1600 4521 1673 4570; x_wconf 83' lang='lat' dir='ltr'>bodie</span> <span class='ocrx_word' id='word_1_554' title='bbox 1692 4519 1806 4568; x_wconf 78' lang='lat' dir='ltr'>intellexi</span> <span class='ocrx_word' id='word_1_555' title='bbox 1824 4535 1854 4566; x_wconf 80' lang='lat' dir='ltr'>ex</span> <span class='ocrx_word' id='word_1_556' title='bbox 1874 4522 1988 4579; x_wconf 76' lang='lat' dir='ltr'>catalogo</span> <span class='ocrx_word' id='word_1_557' title='bbox 2006 4534 2076 4570; x_wconf 89' lang='lat' dir='ltr'>nun-</span> 
     </span>
     <span class='ocr_line' id='line_1_49' title="bbox 716 4591 2074 4658; baseline -0.002 -17"><span class='ocrx_word' id='word_1_558' title='bbox 716 4594 842 4658; x_wconf 81' lang='lat' dir='ltr'>dinarum,</span> <span class='ocrx_word' id='word_1_559' title='bbox 859 4601 930 4642; x_wconf 91' lang='lat' dir='ltr'>tuum</span> <span class='ocrx_word' id='word_1_560' title='bbox 949 4594 1041 4642; x_wconf 89' lang='lat' dir='ltr'>librum</span> <span class='ocrx_word' id='word_1_561' title='bbox 1061 4595 1207 4641; x_wconf 88' lang='lat' dir='ltr'>cometicnm</span> <span class='ocrx_word' id='word_1_562' title='bbox 1226 4591 1350 4652; x_wconf 85' lang='lat' dir='ltr'>prodiisse</span> <span class='ocrx_word' id='word_1_563' title='bbox 1370 4594 1510 4651; x_wconf 77' lang='lat' dir='ltr'>Augustae:</span> <span class='ocrx_word' id='word_1_564' title='bbox 1535 4591 1648 4640; x_wconf 83' lang='lat' dir='ltr'>desidero</span> <span class='ocrx_word' id='word_1_565' title='bbox 1668 4604 1744 4655; x_wconf 82' lang='lat' dir='ltr'>quam</span> <span class='ocrx_word' id='word_1_566' title='bbox 1764 4594 1870 4651; x_wconf 87' lang='lat' dir='ltr'>primum</span> <span class='ocrx_word' id='word_1_567' title='bbox 1889 4591 1973 4638; x_wconf 79' lang='lat' dir='ltr'>ridere</span> <span class='ocrx_word' id='word_1_568' title='bbox 1991 4592 2074 4654; x_wconf 67' lang='lat' dir='ltr'>illum,</span> 
     </span>
     <span class='ocr_line' id='line_1_50' title="bbox 714 4661 2076 4726; baseline 0 -15"><span class='ocrx_word' id='word_1_569' title='bbox 714 4676 760 4726; x_wconf 87' lang='lat' dir='ltr'>pro</span> <span class='ocrx_word' id='word_1_570' title='bbox 779 4678 826 4712; x_wconf 83' lang='lat' dir='ltr'>eno</span> <span class='ocrx_word' id='word_1_571' title='bbox 843 4667 925 4726; x_wconf 90' lang='lat' dir='ltr'>pretio</span> <span class='ocrx_word' id='word_1_572' title='bbox 944 4672 1026 4712; x_wconf 87' lang='lat' dir='ltr'>tamen</span> <span class='ocrx_word' id='word_1_573' title='bbox 1041 4702 1047 4712; x_wconf 92' lang='lat'>.</span> <span class='ocrx_word' id='word_1_574' title='bbox 1063 4704 1066 4710; x_wconf 94' lang='lat'>.</span> <span class='ocrx_word' id='word_1_575' title='bbox 1083 4700 1112 4712; x_wconf 86' lang='lat'>..</span> <span class='ocrx_word' id='word_1_576' title='bbox 1148 4662 1215 4721; x_wconf 76' lang='lat' dir='ltr'>Quid</span> <span class='ocrx_word' id='word_1_577' title='bbox 1235 4662 1346 4709; x_wconf 82' lang='lat' dir='ltr'>Suellins</span> <span class='ocrx_word' id='word_1_578' title='bbox 1370 4663 1497 4722; x_wconf 81' lang='lat' dir='ltr'>scripserit</span> <span class='ocrx_word' id='word_1_579' title='bbox 1521 4662 1552 4708; x_wconf 85' lang='lat' dir='ltr'>de</span> <span class='ocrx_word' id='word_1_580' title='bbox 1576 4669 1687 4724; x_wconf 73' lang='lat' dir='ltr'>cometa,</span> <span class='ocrx_word' id='word_1_581' title='bbox 1713 4662 1819 4708; x_wconf 83' lang='lat' dir='ltr'>libenter</span> <span class='ocrx_word' id='word_1_582' title='bbox 1837 4664 1933 4709; x_wconf 80' lang='lat' dir='ltr'>scirem.</span> <span class='ocrx_word' id='word_1_583' title='bbox 1970 4661 2028 4709; x_wconf 79' lang='lat' dir='ltr'>lem</span> <span class='ocrx_word' id='word_1_584' title='bbox 2048 4664 2076 4711; x_wconf 88' lang='lat' dir='ltr'>in</span> 
     </span>
     <span class='ocr_line' id='line_1_51' title="bbox 713 4729 1251 4794; baseline -0.007 -13"><span class='ocrx_word' id='word_1_585' title='bbox 713 4732 798 4793; x_wconf 81' lang='lat' dir='ltr'>ltalia,</span> <span class='ocrx_word' id='word_1_586' title='bbox 817 4743 916 4783; x_wconf 88' lang='lat' dir='ltr'>mortno</span> <span class='ocrx_word' id='word_1_587' title='bbox 935 4735 1046 4794; x_wconf 79' lang='lat' dir='ltr'>lingino.</span> <span class='ocrx_word' id='word_1_588' title='bbox 1066 4747 1151 4780; x_wconf 87' lang='lat' dir='ltr'>omnes</span> <span class='ocrx_word' id='word_1_589' title='bbox 1170 4729 1251 4778; x_wconf 87' lang='lat' dir='ltr'>silent.</span> 
     </span>
    </p>
   </div>
   <div class='ocr_carea' id='block_1_11' title="bbox 713 4818 2075 5338">
    <p class='ocr_par' dir='ltr' id='par_1_13' title="bbox 713 4818 2075 5338">
     <span class='ocr_line' id='line_1_52' title="bbox 818 4818 2074 4894; baseline 0.003 -16"><span class='ocrx_word' id='word_1_590' title='bbox 818 4830 857 4877; x_wconf 78' lang='lat' dir='ltr'>Ad</span> <span class='ocrx_word' id='word_1_591' title='bbox 878 4831 940 4878; x_wconf 84' lang='lat' dir='ltr'>baec</span> <span class='ocrx_word' id='word_1_592' title='bbox 959 4828 1088 4890; x_wconf 89' lang='lat' dir='ltr'>respondit</span> <span class='ocrx_word' id='word_1_593' title='bbox 1107 4825 1286 4887; x_wconf 80' lang='lat' dir='ltr'>lieplerus:</span> <span class='ocrx_word' id='word_1_594' title='bbox 1318 4818 1400 4878; x_wconf 76' lang='lat' dir='ltr'>Tuus</span> <span class='ocrx_word' id='word_1_595' title='bbox 1433 4818 1467 4878; x_wconf 82' lang='lat' dir='ltr'>(le</span> <span class='ocrx_word' id='word_1_596' title='bbox 1499 4829 1614 4881; x_wconf 76' lang='lat' dir='ltr'>tontelu</span> <span class='ocrx_word' id='word_1_597' title='bbox 1643 4821 1878 4894; x_wconf 65' lang='grc' dir='ltr'>οδεθῐτείῑοιιθε,</span> <span class='ocrx_word' id='word_1_598' title='bbox 1909 4822 1939 4878; x_wconf 80' lang='lat' dir='ltr'>ln</span> <span class='ocrx_word' id='word_1_599' title='bbox 1969 4823 2074 4882; x_wconf 81' lang='lat' dir='ltr'>ttinere</span> 
     </span>
     <span class='ocr_line' id='line_1_53' title="bbox 714 4906 2075 4983; baseline -0.001 -13"><span class='ocrx_word' id='word_1_600' title='bbox 714 4917 881 4979; x_wconf 78' lang='lat' dir='ltr'>annotatus,</span> <span class='ocrx_word' id='word_1_601' title='bbox 904 4911 947 4968; x_wconf 86' lang='lat' dir='ltr'>sie</span> <span class='ocrx_word' id='word_1_602' title='bbox 970 4908 1108 4983; x_wconf 80' lang='lat' dir='ltr'>allegavi,</span> <span class='ocrx_word' id='word_1_603' title='bbox 1132 4915 1165 4963; x_wconf 91' lang='lat' dir='ltr'>ut</span> <span class='ocrx_word' id='word_1_604' title='bbox 1187 4906 1272 4965; x_wconf 85' lang='lat' dir='ltr'>laoile</span> <span class='ocrx_word' id='word_1_605' title='bbox 1296 4908 1337 4965; x_wconf 90' lang='lat' dir='ltr'>sis</span> <span class='ocrx_word' id='word_1_606' title='bbox 1361 4918 1536 4982; x_wconf 62' lang='lat' dir='ltr'>excusatum</span> <span class='ocrx_word' id='word_1_607' title='bbox 1560 4918 1591 4968; x_wconf 87' lang='lat' dir='ltr'>et</span> <span class='ocrx_word' id='word_1_608' title='bbox 1614 4925 1667 4967; x_wconf 89' lang='lat' dir='ltr'>nec</span> <span class='ocrx_word' id='word_1_609' title='bbox 1690 4907 1742 4966; x_wconf 87' lang='lat' dir='ltr'>ulli</span> <span class='ocrx_word' id='word_1_610' title='bbox 1767 4925 1866 4967; x_wconf 88' lang='lat' dir='ltr'>eornm</span> <span class='ocrx_word' id='word_1_611' title='bbox 1889 4909 1968 4968; x_wconf 89' lang='lat' dir='ltr'>cedis</span> <span class='ocrx_word' id='word_1_612' title='bbox 1985 4913 2075 4968; x_wconf 88' lang='lat' dir='ltr'>certi·</span> 
     </span>
     <span class='ocr_line' id='line_1_54' title="bbox 714 4993 2074 5072; baseline 0.001 -18"><span class='ocrx_word' id='word_1_613' title='bbox 714 4996 825 5069; x_wconf 83' lang='lat' dir='ltr'>tudine,</span> <span class='ocrx_word' id='word_1_614' title='bbox 850 4998 901 5072; x_wconf 87' lang='lat' dir='ltr'>qui</span> <span class='ocrx_word' id='word_1_615' title='bbox 925 4995 1005 5053; x_wconf 91' lang='lat' dir='ltr'>domi</span> <span class='ocrx_word' id='word_1_616' title='bbox 1028 4993 1215 5053; x_wconf 82' lang='lat' dir='ltr'>sedentes&#39;et</span> <span class='ocrx_word' id='word_1_617' title='bbox 1239 4996 1431 5054; x_wconf 81' lang='lat' dir='ltr'>observantes</span> <span class='ocrx_word' id='word_1_618' title='bbox 1454 5014 1471 5054; x_wconf 83' lang='lat' dir='ltr'>a</span> <span class='ocrx_word' id='word_1_619' title='bbox 1494 5014 1541 5055; x_wconf 90' lang='lat' dir='ltr'>me</span> <span class='ocrx_word' id='word_1_620' title='bbox 1564 5007 1632 5055; x_wconf 90' lang='lat' dir='ltr'>snut</span> <span class='ocrx_word' id='word_1_621' title='bbox 1655 4995 1784 5072; x_wconf 79' lang='lat' dir='ltr'>allegati.</span> <span class='ocrx_word' id='word_1_622' title='bbox 1825 4995 1870 5054; x_wconf 82' lang='lat' dir='ltr'>Ad</span> <span class='ocrx_word' id='word_1_623' title='bbox 1888 5005 1967 5056; x_wconf 83' lang='lat' dir='ltr'>trram</span> <span class='ocrx_word' id='word_1_624' title='bbox 1984 4998 2074 5057; x_wconf 74' lang='lat' dir='ltr'>drini-</span> 
     </span>
     <span class='ocr_line' id='line_1_55' title="bbox 713 5082 2071 5157; baseline 0.003 -15"><span class='ocrx_word' id='word_1_625' title='bbox 713 5084 866 5157; x_wconf 85' lang='lat' dir='ltr'>tstlonem‚</span> <span class='ocrx_word' id='word_1_626' title='bbox 890 5100 929 5141; x_wconf 81' lang='lat' dir='ltr'>an</span> <span class='ocrx_word' id='word_1_627' title='bbox 953 5090 1067 5142; x_wconf 81' lang='lat' dir='ltr'>comete</span> <span class='ocrx_word' id='word_1_628' title='bbox 1091 5099 1126 5141; x_wconf 88' lang='lat' dir='ltr'>ex</span> <span class='ocrx_word' id='word_1_629' title='bbox 1148 5082 1281 5155; x_wconf 71' lang='lat' dir='ltr'>macariis,</span> <span class='ocrx_word' id='word_1_630' title='bbox 1306 5083 1553 5142; x_wconf 76' lang='lat' dir='ltr'>exstimulandum</span> <span class='ocrx_word' id='word_1_631' title='bbox 1569 5083 1686 5143; x_wconf 89' lang='lat' dir='ltr'>libellus</span> <span class='ocrx_word' id='word_1_632' title='bbox 1702 5101 1785 5143; x_wconf 84' lang='lat' dir='ltr'>meus</span> <span class='ocrx_word' id='word_1_633' title='bbox 1800 5086 1957 5143; x_wconf 79' lang='lat' dir='ltr'>remetiens</span> <span class='ocrx_word' id='word_1_634' title='bbox 1973 5086 2071 5146; x_wconf 80' lang='lat' dir='ltr'>saciet.</span> 
     </span>
     <span class='ocr_line' id='line_1_56' title="bbox 713 5169 2068 5249; baseline 0.001 -18"><span class='ocrx_word' id='word_1_635' title='bbox 713 5169 789 5231; x_wconf 83' lang='lat' dir='ltr'>Nam</span> <span class='ocrx_word' id='word_1_636' title='bbox 820 5169 898 5231; x_wconf 86' lang='lat' dir='ltr'>sacili</span> <span class='ocrx_word' id='word_1_637' title='bbox 930 5187 1019 5246; x_wconf 86' lang='lat' dir='ltr'>opera</span> <span class='ocrx_word' id='word_1_638' title='bbox 1048 5171 1243 5248; x_wconf 76' lang='lat' dir='ltr'>treJeotoriam</span> <span class='ocrx_word' id='word_1_639' title='bbox 1271 5188 1327 5247; x_wconf 83' lang='lat' dir='ltr'>ego</span> <span class='ocrx_word' id='word_1_640' title='bbox 1356 5173 1518 5248; x_wconf 87' lang='lat' dir='ltr'>potuissem</span> <span class='ocrx_word' id='word_1_641' title='bbox 1542 5171 1674 5233; x_wconf 86' lang='lat' dir='ltr'>ordinare</span> <span class='ocrx_word' id='word_1_642' title='bbox 1698 5174 1725 5230; x_wconf 92' lang='lat' dir='ltr'>in</span> <span class='ocrx_word' id='word_1_643' title='bbox 1750 5172 1839 5249; x_wconf 84' lang='lat' dir='ltr'>pleno</span> <span class='ocrx_word' id='word_1_644' title='bbox 1863 5190 1914 5249; x_wconf 88' lang='lat' dir='ltr'>per</span> <span class='ocrx_word' id='word_1_645' title='bbox 1937 5181 2068 5234; x_wconf 86' lang='lat' dir='ltr'>centrum</span> 
     </span>
     <span class='ocr_line' id='line_1_57' title="bbox 713 5256 2072 5338; baseline 0.003 -20"><span class='ocrx_word' id='word_1_646' title='bbox 713 5256 802 5319; x_wconf 84' lang='lat' dir='ltr'>Solis.</span> <span class='ocrx_word' id='word_1_647' title='bbox 842 5259 883 5316; x_wconf 78' lang='lat' dir='ltr'>At</span> <span class='ocrx_word' id='word_1_648' title='bbox 908 5260 1038 5318; x_wconf 83' lang='lat' dir='ltr'>vicissim</span> <span class='ocrx_word' id='word_1_649' title='bbox 1060 5277 1096 5320; x_wconf 86' lang='lat' dir='ltr'>ex</span> <span class='ocrx_word' id='word_1_650' title='bbox 1118 5267 1218 5320; x_wconf 83' lang='lat' dir='ltr'>austro</span> <span class='ocrx_word' id='word_1_651' title='bbox 1242 5267 1322 5319; x_wconf 88' lang='lat' dir='ltr'>ouus</span> <span class='ocrx_word' id='word_1_652' title='bbox 1345 5261 1460 5323; x_wconf 86' lang='lat' dir='ltr'>transiit</span> <span class='ocrx_word' id='word_1_653' title='bbox 1483 5260 1658 5337; x_wconf 81' lang='lat' dir='ltr'>eclipticam,</span> <span class='ocrx_word' id='word_1_654' title='bbox 1680 5276 1739 5320; x_wconf 89' lang='lat' dir='ltr'>non</span> <span class='ocrx_word' id='word_1_655' title='bbox 1761 5277 1832 5338; x_wconf 78' lang='lat' dir='ltr'>ergo</span> <span class='ocrx_word' id='word_1_656' title='bbox 1855 5277 1891 5321; x_wconf 83' lang='lat' dir='ltr'>ex</span> <span class='ocrx_word' id='word_1_657' title='bbox 1910 5256 1982 5322; x_wconf 81' lang='lat' dir='ltr'>Sole</span> <span class='ocrx_word' id='word_1_658' title='bbox 2003 5264 2072 5338; x_wconf 87' lang='lat' dir='ltr'>mit,</span> 
     </span>
    </p>
   </div>
   <div class='ocr_carea' id='block_1_12' title="bbox 0 0 2792 6342">
    <p class='ocr_par' dir='ltr' id='par_1_14' title="bbox 0 0 2792 6342">
     <span class='ocr_line' id='line_1_58' title="bbox 0 0 2792 6342; baseline 0 0"><span class='ocrx_word' id='word_1_659' title='bbox 0 0 2792 6342; x_wconf 95' lang='lat' dir='ltr'> </span> 
     </span>
    </p>
   </div>
  </div>
 </body>
</html>
