5575 6342
1027 790 1070 846 Ad
1087 791 1186 849 librum
1204 793 1240 849 11.
1266 791 1480 862 and-'tychonis
1497 806 1557 861 cap.
1576 794 1601 848 6.

1049 1056 1092 1122 ll
1115 1056 1211 1139 daput
1232 1056 1380 1139 scipionis
1404 1054 1431 1121 o.
1457 1055 1519 1135 lii.
1541 1055 1573 1120 il.

737 1219 765 1274 l.
797 1215 833 1274 ln
856 1214 912 1275 lroc
935 1217 1031 1293 eapite
1054 1214 1271 1275 claromontius
1301 1214 1445 1277 caleulum
1476 1227 1562 1273 suum
1585 1216 1705 1291 exponit
1727 1214 1820 1274 oculis
1843 1217 1931 1292 inque
1954 1231 1989 1275 eo

644 1319 666 1363 rt
676 1303 719 1361 ait
734 1303 889 1379 probasse,
912 1320 998 1363 arom
1013 1305 1080 1363 viae
1096 1306 1256 1363 cometicae
1276 1319 1336 1363 uon
1350 1303 1388 1363 ad
1404 1302 1481 1362 idern
1497 1301 1650 1379 eclipticas
1665 1311 1805 1379 puuctum
1821 1302 1989 1376 tetendisse,

644 1389 708 1467 quod
723 1407 817 1467 supra
838 1390 983 1450 iacturum
999 1393 1182 1468 promiserat
1220 1391 1322 1450 Bonus
1340 1398 1386 1451 est
1408 1389 1569 1449 calculator
1584 1388 1809 1463 claromontius,
1832 1400 1864 1449 at
1885 1389 1990 1450 calculi

643 1479 675 1537 sul
695 1494 784 1537 usum
809 1478 857 1537 rel
879 1481 973 1538 nescit
995 1480 1128 1555 imperita
1151 1477 1198 1539 vel
1222 1477 1401 1552 dissimulat,
1431 1476 1560 1553 maligne
1583 1478 1705 1538 affectus
1728 1481 1757 1535 in
1780 1477 1989 1537 adversarium.

644 1563 793 1625 Videamus
817 1583 960 1627 summam
975 1574 1088 1643 septem
1104 1568 1198 1642 ipsius
1214 1568 1433 1642 operationum
1456 1567 1498 1624 sic
1514 1566 1603 1642 igitur
1623 1567 1744 1639 invenit,
1768 1568 1811 1625 sic
1826 1564 1988 1626 concludit:

842 1706 920 1753 Arcus
938 1705 1004 1752 luter
1024 1705 1064 1753 1³.
1083 1710 1108 1752 at
1126 1706 1169 1753 14.
1188 1702 1307 1753 Norcmb.
1330 1704 1411 1752 tandit
1428 1705 1455 1751 tu
1474 1701 1523 1752 ‘20⁰
1543 1704 1584 1750 19¹
1609 1706 1631 1763 ‡
1655 1702 1698 1751 iol.
1721 1705 1779 1754 126.

964 1810 977 1836 ,
1026 1778 1065 1823 1⁴.
1086 1781 1112 1822 at
1132 1778 1171 1822 to.
1238 1809 1251 1833 „
1361 1810 1373 1832 .,
1438 1775 1780 1833 „at.14.‡t01.131.

875 1879 888 1905 ,
963 1878 975 1905 „
1027 1847 1067 1894 lb.
1086 1852 1110 1892 et
1129 1845 1172 1896 20.
1239 1879 1251 1903 „
1361 1880 1373 1903 „
1436 1844 1779 1904 ,21.o.‡s01.1ao.

963 1949 976 1974 ,
1027 1916 1172 1966 sonat.
1239 1948 1252 1973 ,
1362 1949 1375 1973 ,
1438 1915 1583 1973 ,soca
1608 1917 1630 1974 a
1654 1912 1778 1965 atros.

876 2020 888 2043 „
963 2019 975 2043 „
1024 1985 1174 2036 arara.
1242 2018 1254 2044 ,
1364 2019 1376 2036 „
1441 1986 1522 2043 ,so
1542 1983 1698 2044 aaaron
1720 1987 1778 2036 142.

875 2088 889 2114 ,
963 2088 976 2114 ,‚
1025 2055 1174 2105 escas.
1242 2088 1254 2112 ‚‚
1364 2089 1375 2113 ,
1440 2052 1779 2115 „so.sr.‡r01.1cs.

876 2158 889 2181 ,
963 2158 977 2183 ,
1028 2126 1175 2175 casm.
1242 2158 1255 2181 ,
1363 2158 1375 2183 ,
1439 2126 1584 2183 ,aneo
1609 2124 1779 2183 afonso.

733 2263 813 2341 Ergo
828 2220 886 2323 nou
910 2262 1034 2325 tendunt
1048 2266 1077 2321 in
1100 2263 1177 2323 idem
1192 2271 1342 2340 punctum,
1365 2263 1461 2323 sedin
1485 2282 1563 2342 vaga
1578 2272 1689 2340 puncta
1711 2267 1784 2326 iuter
1808 2263 1933 2325 20019‘
1953 2266 1983 2339 l

638 2347 738 2409 et21⁰
764 2348 814 2409 14⁴
845 2351 895 2425 s,
928 2368 1004 2428 quae
1039 2350 1150 2411 distant
1182 2352 1220 2411 ab
1254 2353 1378 2411 invicem
1411 2353 1507 2428 spatio
1540 2354 1718 2412 minutorum
1743 2354 1800 2428 55,
1836 2371 1890 2414 nec
1920 2363 1988 2413 sunt

639 2454 719 2497 unum
742 2445 894 2515 puuctum.

735 2552 766 2609 2.
798 2549 936 2611 Concedo
958 2559 1053 2611 totum
1077 2559 1280 2627 argumentum
1303 2550 1351 2611 vel
1373 2552 1436 2609 siue
1458 2554 1592 2610 examine
1613 2551 1700 2628 hujus
1723 2552 1845 2627 calculi;
1869 2552 1990 2629 largitur

635 2636 661 2695 il
681 2639 780 2715 ipsum
803 2637 916 2716 Tycho,
940 2637 1009 2699 dum
1031 2647 1163 2698 assumto
1185 2647 1294 2715 puncto
1318 2634 1376 2697 20⁰
1400 2638 1452 2697 55‘
1480 2638 1523 2713 l,
1548 2638 1626 2714 quod
1649 2643 1707 2716 ipsi
1731 2641 1858 2699 crebrius
1881 2643 1989 2713 exibat,

636 2734 680 2783 aut
710 2728 788 2785 iuter
818 2728 947 2802 potiores
978 2735 1117 2786 exeuntes
1141 2726 1306 2817 mediabat,
1339 2733 1506 2800 computat,
1540 2737 1681 2801 quantum
1706 2727 1840 2787 differant
1862 2727 1927 2788 loca
1952 2730 1989 2788 ab

637 2813 680 2883 iis,
712 2830 791 2889 quac
815 2815 878 2889 ipsc
899 2815 981 2891 prius
1004 2832 1038 2873 ex
1063 2814 1318 2873 observationibus
1341 2820 1571 2888 computaverat.
1617 2815 1694 2891 Quid
1718 2816 1815 2875 verbis
1839 2833 1913 2892 opus
1936 2826 1990 2886 est,

639 2902 762 2960 conteuti
785 2917 887 2959 sumus
901 2898 1005 2978 Tycho
1027 2909 1057 2961 et
1078 2917 1144 2976 ego,
1167 2902 1274 2961 latetur
1290 2899 1400 2976 Scipio,
1425 2916 1509 2959 arcus
1531 2916 1590 2958 non
1615 2919 1674 2960 uno
1697 2902 1788 2980 gradu
1812 2902 1990 2980 deprehendi

635 2986 703 3046 iuter
736 3004 771 3047 sc
806 2986 948 3048 dissidere
980 2989 1172 3048 sectionibus.
1217 2989 1258 3047 At
1287 3004 1357 3046 vero
1389 2991 1416 3046 si
1446 2990 1563 3046 unicum
1598 2989 1685 3049 tollas
1714 2993 1876 3064 minutum,
1910 2991 1989 3067 quod

635 3071 848 3134 (ilanmoutius
877 3078 941 3151 ipse
970 3074 1213 3135 contemnendum
1242 3082 1327 3152 putat
1350 3074 1385 3133 de
1409 3074 1604 3135 declinatione
1628 3079 1749 3151 minori,
1780 3079 1842 3153 jnm
1866 3082 1990 3155 repetito

635 3160 745 3221 deuio
768 3160 941 3239 plusquam
965 3162 1018 3222 20¹
1039 3171 1229 3240 promovetur
1244 3165 1345 3221 sectio.
1385 3161 1458 3237 Quis
1473 3179 1544 3221 vero
1566 3164 1604 3223 ab
1629 3165 1835 3225 observatione
1858 3174 1990 3226 cometae

636 3248 835 3322 innituerit,
867 3252 1039 3326 praesertim
1067 3252 1167 3327 primis
1198 3249 1257 3309 illia
1280 3249 1395 3323 diebus,
1431 3251 1497 3324 quis
1520 3252 1640 3326 iuquam
1664 3254 1751 3310 unius
1774 3256 1878 3312 minuti
1902 3256 1990 3313 certi·

636 3334 759 3396 udinem
780 3336 903 3413 exiget?
933 3337 1005 3397 Esto
1028 3354 1106 3410 vero,
1131 3344 1164 3396 ut
1185 3354 1223 3397 ne
1244 3339 1387 3396 minutum
1411 3336 1529 3411 quidem
1553 3337 1676 3398 decedat
1699 3339 1863 3399 certitudini
1886 3342 1989 3400 obser·

637 3425 766 3496 rationis,
790 3426 850 3483 siut
868 3423 899 3483 iri
920 3442 1005 3485 arcus
1020 3442 1089 3485 vere
1104 3425 1237 3496 flexuosi,
1261 3424 1418 3483 deflectant
1433 3424 1508 3483 alter
1530 3427 1567 3484 ab
1584 3426 1704 3486 alterius
1727 3428 1835 3486 circulo
1851 3429 1988 3500 maximo,

636 3507 788 3573 &ruodo
816 3526 875 3571 uon
904 3511 971 3589 plus
998 3515 1111 3571 minuto
1134 3513 1235 3570 unico:
1270 3528 1329 3570 non
1351 3511 1459 3587 refugit
1481 3511 1538 3571 hoc
1560 3512 1681 3590 Tycho,
1714 3530 1769 3575 nec
1789 3514 1836 3574 liis
1858 3517 1988 3574 minutiis

638 3596 807 3659 musallitu
837 3598 1031 3675 probabilius
1061 3600 1125 3675 eius
1155 3599 1307 3671 affirmati,
1341 3608 1471 3659 cometas
1501 3618 1591 3675 supra
1620 3600 1734 3661 Lunam
1765 3620 1848 3675 esse,
1880 3605 1989 3680 quippe

638 3683 736 3745 latetur
765 3685 815 3746 hic
837 3688 901 3762 ipsa
923 3685 1039 3763 Scipio,
1072 3686 1139 3745 illos
1163 3689 1210 3744 vix
1233 3687 1419 3762 sexagesima
1442 3694 1524 3763 parte
1548 3687 1622 3762 ejus,
1647 3688 1727 3764 quod
1749 3690 1820 3749 iacit
1842 3689 1940 3763 Luna,
1972 3708 1988 3750 e

638 3772 738 3834 circulo
760 3789 817 3833 suo
840 3775 968 3835 maximo
992 3773 1141 3835 excedere.

735 3888 765 3947 3.
801 3883 904 3945 Omnis
933 3885 1132 3947 claramontis
1159 3887 1284 3945 victoria
1315 3887 1372 3945 sita
1402 3892 1449 3944 est
1479 3888 1507 3942 in
1540 3887 1653 3957 verbis,
1688 3886 1756 3946 dum
1788 3888 1989 3965 exprobrantis

638 3968 762 4033 orstlona
791 3973 948 4050 magnifica
976 3991 1048 4033 usus
1076 3974 1227 4033 hominum
1251 3973 1353 4032 oculos
1376 3981 1407 4032 et
1429 3990 1480 4031 ora
1503 3975 1531 4030 in
1555 3991 1586 4032 sc
1610 3978 1767 4047 convertit,
1800 3975 1989 4037 dissimulans

637 4060 753 4135 iuterim,
777 4059 949 4139 hebonem
972 4061 1001 4120 id
1017 4064 1121 4139 ipsum,
1146 4060 1225 4137 quod
1241 4061 1441 4137 exprobratur,
1465 4062 1494 4116 in
1510 4061 1608 4137 probri
1631 4070 1712 4138 parte
1729 4065 1847 4122 minime
1869 4082 1988 4141 ponere,

636 4147 679 4207 rad
705 4150 771 4226 jam
803 4146 913 4207 dudum
943 4149 973 4206 in
1005 4149 1079 4207 libro
1103 4165 1157 4208 suo
1180 4146 1257 4207 ultro
1279 4148 1417 4224 largitum
1441 4164 1518 4226 esse,
1540 4149 1710 4224 praesertim
1734 4153 1804 4226 quia
1825 4151 1989 4228 parallaxin

637 4236 715 4295 trium
738 4236 918 4295 minutorum
935 4235 1076 4309 concedit,
1099 4252 1153 4294 nec
1176 4253 1211 4295 ea
1234 4253 1264 4294 re
1284 4235 1332 4294 vel
1355 4234 1501 4294 tantillum
1525 4234 1622 4295 damni
1640 4240 1710 4313 pati.
1750 4236 1776 4297 0
1799 4239 1847 4298 vel
1870 4240 1988 4300 tandem

636 4320 710 4383 illum
735 4322 814 4382 diem
838 4322 1000 4395 videamus,
1025 4338 1090 4383 cum
1111 4326 1187 4382 circa
1208 4325 1379 4399 perennium
1403 4321 1539 4390 siderum,
1563 4324 1641 4383 circa
1664 4323 1846 4401 planetarum
1869 4330 1987 4403 iuquam

636 4412 774 4483 omnium,
799 4411 970 4486 praesertim
992 4410 1030 4470 ad
1052 4420 1184 4488 tempora
1207 4412 1341 4485 antiqua,
1371 4412 1591 4469 interscctiones
1615 4413 1749 4487 circaque
1772 4413 1890 4489 apsidas
1913 4418 1989 4474 intra

635 4500 714 4557 unius
738 4496 849 4574 gradus
872 4499 1033 4575 augustias,
1056 4505 1089 4557 ut
1109 4501 1139 4555 in
1161 4492 1220 4557 hoc
1235 4499 1363 4573 negotio,
1387 4498 1609 4573 ambiguitatem
1632 4514 1746 4558 omnem
1769 4502 1987 4579 restringamus.

635 4580 797 4646 Ofellcem
820 4584 1029 4646 wonomiam
1051 4585 1186 4653 suturam,
1210 4587 1235 4644 sl
1257 4585 1314 4643 hoc
1337 4586 1496 4644 etiamnum
1519 4602 1672 4661 possemus
1696 4590 1846 4664 consequi.

734 4700 765 4757 4.
789 4695 909 4776 Septem
923 4706 992 4759 suut
1006 4699 1200 4777 operationes,
1216 4716 1267 4758 sex
1283 4701 1487 4774 operationum
1503 4699 1626 4776 copulae
1643 4706 1673 4758 et
1687 4701 1783 4760 sexies
1798 4703 1887 4761 etiam
1900 4709 1989 4777 negat

632 4784 860 4862 montius,
884 4792 983 4847 sextas
1005 4788 1098 4864 parire
1121 4794 1218 4863 partes
1243 4785 1366 4857 diurnis,
1392 4787 1537 4861 totiesque
1561 4786 1731 4863 Tychonem
1756 4790 1859 4848 erroris
1883 4792 1986 4866 arguit,

628 4872 751 4953 perinde
781 4890 817 4935 ac
848 4874 874 4933 si
902 4874 960 4935 lroc
989 4872 1037 4933 ille
1066 4874 1255 4947 affirmasset,
1291 4872 1370 4949 quod
1398 4873 1473 4932 lalso
1496 4872 1539 4931 illi
1563 4874 1649 4934 tribui
1669 4875 1733 4950 jam
1755 4891 1844 4959 supra
1867 4884 1988 4952 quastus

628 4978 707 5035 mur,
741 4966 774 5021 ut
802 4962 901 5036 mirer,
934 4979 993 5038 qua
1020 4979 1051 5021 re
1081 4961 1264 5021 dementatus
1286 4961 1385 5037 Scipio
1415 4960 1446 5019 id
1469 4963 1547 5020 ausit
1571 4963 1656 5020 toties
1679 4963 1824 5041 totiesque
1847 4972 1986 5040 repetere,

628 5048 707 5127 quod
740 5056 786 5111 est
816 5064 876 5109 uua
906 5050 971 5111 vice
999 5065 1118 5125 unoque
1140 5048 1273 5125 perpetui
1297 5049 1404 5107 tenoris
1429 5050 1520 5109 verbo
1542 5064 1647 5125 purum
1669 5057 1773 5126 putum
1797 5050 1987 5112 Claramoutii

628 5134 664 5199 de
686 5134 841 5216 Τγώοιιίι
862 5142 946 5199 tcrtu
967 5136 1145 5213 timentum.

1705 5354 1775 5413 tu*
