5575 6342
1253 803 1296 857 De
1313 800 1440 858 cometis.
1567 813 1576 833 ¹
1979 796 2021 863 17

662 980 745 1038 tione
768 977 860 1039 inissa
881 977 1125 1054 septentrionale,
1150 979 1214 1055 jam
1237 997 1355 1040 causam
1377 979 1455 1038 hanc
1477 988 1573 1039 tecum
1598 975 1693 1035 liabeo
1718 992 1914 1049 communem,
1945 993 2020 1053 quo-

662 1064 754 1123 modo
784 1068 873 1142 igitur
900 1063 1123 1125 succedentibus
1156 1066 1260 1126 diebus
1291 1080 1356 1145 post
1383 1070 1506 1144 primam
1537 1066 1748 1142 apparitionem
1779 1065 1905 1139 potuerit
1930 1058 2020 1144 (voce

661 1151 786 1225 Italica,
812 1164 844 1211 ut
866 1148 1003 1233 apparet)
1027 1156 1215 1213 auciacensi
1236 1172 1257 1213 a
1279 1157 1310 1213 la
1333 1159 1433 1229 apice,·
1457 1169 1555 1213 antron
1578 1151 1734 1227 legendum
1759 1150 1897 1222 Arcturo,
1920 1159 1972 1209 atri
1995 1153 2021 1208 si

660 1238 823 1317 legendum
846 1240 968 1317 Spieae,
993 1258 1052 1317 quo
1077 1244 1164 1316 igitur
1187 1259 1276 1301 sensu
1299 1243 1377 1301 hoc‘t
1409 1243 1585 1310 Nessana,
1616 1258 1680 1298 cunr
1706 1249 1847 1314 peterem,
1882 1248 1913 1296 ut
1936 1238 2020 1297 dares

660 1345 742 1403 quae
765 1331 859 1404 posui,
883 1328 939 1387 hoe
962 1346 1009 1387 me
1032 1332 1165 1404 posuisse
1185 1333 1305 1388 innuere
1332 1330 1422 1401 volui,
1446 1328 1602 1404 legendum
1621 1344 1686 1385 esse
1703 1328 1826 1385 Arcturo
1853 1344 1905 1401 pro
1923 1325 2019 1402 Spica,

660 1413 717 1471 sed
741 1414 859 1474 loeutus
881 1432 946 1473 sum
970 1415 1005 1473 de
1029 1418 1223 1492 positionibus
1245 1420 1302 1475 mei
1325 1417 1515 1475 theorematis
1539 1419 1593 1486 21,
1618 1432 1694 1489 quae
1717 1423 1786 1471 sunt
1808 1416 1926 1471 ornuiuo
1949 1431 2020 1488 pos-

658 1502 783 1575 sibiles,
814 1502 918 1562 saltem
949 1507 1142 1578 geonretriee,
1174 1505 1272 1579 quoad
1301 1504 1396 1563 lineae
1424 1507 1513 1561 situm
1542 1512 1571 1561 ct
1601 1502 1779 1576 traJ’ectionis
1808 1501 2018 1560 lentitudinem.

660 1588 751 1663 Quae
773 1599 841 1648 sont
863 1592 952 1665 igitur
974 1601 1146 1664 argumenta
1168 1609 1243 1662 mea,
1268 1592 1375 1666 qulbus
1399 1591 1541 1650 initialem
1566 1599 1697 1647 cometae
1716 1588 1899 1647 latitudinem
1916 1592 2019 1647 evinco

658 1678 922 1751 septentrionalem
944 1678 1059 1736 luisse?
1092 1678 1179 1749 Erat,
1210 1681 1305 1754 inquit
1333 1680 1522 1749 observator,
1554 1677 1609 1735 sub
1634 1676 1722 1733 Libra
1745 1694 1809 1735 cunr
1833 1676 1927 1734 stellis
1951 1675 2019 1733 Vir-

659 1766 749 1839 ginis,
774 1764 868 1824 donec
890 1765 1071 1823 advicinaret
1093 1764 1209 1840 Spicae.
1247 1765 1422 1842 Priusquam
1443 1766 1549 1841 Spieoe
1573 1780 1748 1839 quocunque
1771 1780 1856 1822 seusu
1881 1767 2020 1838 approxi-

659 1860 765 1922 maret,
790 1869 856 1910 cum
878 1851 971 1911 stellis
995 1860 1056 1911 erat
1071 1851 1211 1928 Virginis.
1249 1852 1319 1912 Janr
1342 1871 1413 1912 vcro
1437 1869 1537 1911 omnes
1559 1853 1675 1910 omnino
1692 1851 1795 1911 sideris
1812 1850 1898 1924 liujus
1915 1850 2018 1908 stellae

662 1950 733 1996 sunt
757 1938 900 2011 boreales,
925 1950 1048 2017 excepta
1071 1937 1160 2015 Spica
1182 1946 1211 1999 et
1233 1957 1292 1999 una
1315 1943 1413 2000 vicina
1434 1958 1531 2017 magn.
1552 1942 1585 2011 6,
1609 1937 1687 2015 apud
1711 1956 1784 2013 quas
1808 1937 1936 1996 noudum
1959 1946 2021 1997 erat

660 2034 779 2085 cometa
801 2028 894 2084 initio.
933 2026 1004 2085 Erat
1026 2028 1114 2102 igitur
1133 2028 1216 2085 initio
1232 2044 1295 2085 cunr
1312 2027 1404 2087 stellis
1422 2026 1598 2099 borealibus,
1625 2025 1749 2084 borealis
1767 2029 1881 2100 etipse.
1919 2024 2019 2083 Haec·

659 2114 729 2173 cine
760 2113 836 2172 sedit
864 2112 973 2189 plaga?
1007 2116 1117 2190 Accipe
1147 2117 1321 2191 graviorem.
1367 2116 1439 2174 Cum
1464 2115 1517 2174 Sel
1543 2118 1571 2171 in
1602 2113 1735 2190 ecliptica
1764 2113 1894 2183 incedat,
1925 2111 2020 2171 cautla

660 2209 797 2259 cometae
821 2203 849 2257 in
866 2200 944 2259 Solis
968 2200 1103 2260 tendatur
1126 2206 1307 2277 oppositum:
1332 2220 1388 2261 nou
1415 2205 1515 2278 titique
1537 2203 1643 2278 poterit
1664 2202 1717 2259 nisi
1736 2202 1764 2257 in
1783 2209 1912 2258 austrum
1930 2200 2018 2271 tendi,

660 2290 689 2345 si
716 2298 805 2362 caput
827 2287 964 2360 australe,
988 2306 1043 2347 nec
1065 2290 1120 2346 nisi
1144 2292 1173 2346 in
1198 2291 1326 2363 boream,
1350 2293 1374 2348 si
1400 2290 1526 2349 boreale.
1571 2289 1641 2347 Jam
1665 2305 1733 2345 vero
1758 2288 1851 2346 cautla
1875 2288 2020 2347 serebatur

660 2374 704 2433 ad
735 2378 833 2453 capita
864 2374 1069 2449 Geminorum,
1102 2393 1178 2452 quae
1208 2386 1275 2434 sunt
1305 2377 1434 2437 borealia
1462 2376 1599 2448 multum,
1633 2383 1721 2451 eaput
1750 2378 1839 2449 igitur
1867 2386 1895 2433 et
1924 2379 2019 2451 ipsum

660 2463 784 2522 boreale
808 2465 836 2519 in
860 2465 1002 2539 principio
1025 2466 1227 2539 apparitionis.
1266 2464 1343 2524 Sane
1366 2483 1461 2541 neque
1486 2465 1601 2523 videtur
1624 2466 1782 2521 omissuros
1805 2463 1895 2521 scrisse
1918 2464 2020 2521 obser-

659 2560 751 2609 vator
774 2553 1001 2610 arrrrotationem·
1017 2550 1107 2623 hane,
1132 2569 1191 2626 quo
1215 2551 1280 2611 loco
1303 2555 1380 2628 sigui
1404 2552 1509 2611 librae
1532 2564 1645 2611 cometa
1667 2550 1820 2608 zodiacum
1844 2550 2020 2621 transiverit,

658 2639 685 2696 si
713 2640 900 2697 transivisset
922 2654 957 2697 ac
979 2654 1037 2697 non
1061 2641 1160 2714 potius
1181 2641 1264 2698 initio
1287 2643 1385 2698 statim
1402 2640 1431 2696 in
1448 2640 1565 2698 boream
1582 2639 1764 2697 declinasset.
1802 2637 1907 2695 lliruur
1923 2642 2019 2709 etiam,

658 2724 883 2784 observatorem
911 2729 1078 2785 meminisse
1101 2744 1214 2785 crurum
1239 2726 1357 2800 Bootis,
1390 2728 1464 2785 inter
1495 2745 1570 2803 quae
1604 2729 1777 2786 transiverat
1804 2736 1935 2797 cometa,
1967 2742 2020 2783 nee

659 2815 831 2872 meminisse
856 2814 986 2886 Arcturi,
1011 2813 1113 2873 eodem
1138 2822 1232 2873 tractu
1256 2816 1444 2873 oecrrrrentis.
1490 2816 1547 2873 Sed
1572 2815 1627 2873 boe
1651 2813 1745 2873 levius
1770 2821 1814 2871 cst
1836 2814 2019 2888 pertinetque

658 2900 849 2959 solummodo
872 2900 911 2959 ad
933 2902 1131 2976 conjecturam
1152 2900 1187 2960 de
1204 2901 1433 2961 hallucinatione
1450 2912 1502 2960 aut
1517 2904 1682 2979 spiralrnate
1699 2901 1908 2960 ventilandam.
1946 2898 2020 2957 Cum

657 2990 753 3061 igitur
781 3004 835 3047 nec
863 2989 986 3047 altirmet
1015 2990 1202 3061 observator,
1236 3000 1380 3050 cometam
1410 3008 1444 3047 ex
1469 2990 1588 3047 australi
1614 2989 1827 3064 hemisphaerio
1851 2990 1960 3057 ruisse,
1992 2996 2020 3044 et

659 3077 848 3150 argumentis
869 3075 1054 3135 evidentibus
1078 3077 1293 3155 comprobetur,
1317 3078 1407 3135 luisse
1425 3080 1521 3133 statim
1541 3080 1622 3135 initio
1640 3077 1797 3147 borealem,
1821 3074 1902 3133 nulia
1918 3090 2020 3132 neees-

658 3165 736 3222 sitas
760 3180 813 3221 nos
836 3173 934 3239 urget,
959 3163 1025 3241 plus
1049 3163 1112 3239 ejus
1136 3166 1227 3222 motui
1254 3166 1379 3223 tribucre
1404 3167 1432 3221 iu
1457 3167 1551 3223 orbita
1575 3166 1628 3224 sub
1652 3164 1716 3221 fiais
1740 3182 1827 3238 qrraru
1851 3164 2020 3221 seruicireu-

656 3250 733 3309 lom.
779 3250 915 3310 Nondum
939 3252 1027 3326 igitur
1050 3262 1217 3326 expugnata
1240 3262 1284 3310 est
1307 3252 1474 3326 trajectoria
1497 3262 1589 3322 recta,
1614 3252 1667 3310 sed
1690 3251 1875 3310 confirmatur
1898 3249 2020 3309 criden·

657 3339 776 3396 tissime
797 3346 878 3398 motu
902 3348 961 3397 taur
984 3340 1058 3396 initii
1083 3356 1171 3414 quam
1193 3336 1258 3397 finis
1282 3341 1464 3411 tardissimo,
1489 3339 1586 3398 medio
1610 3356 1679 3399 vcro
1703 3338 1902 3405 velocissimo,
1926 3336 2021 3396 cauda

655 3424 842 3503 longissima.

767 4216 812 4278 su
836 4218 863 4278 Α
886 4219 986 4287 Terra,
1010 4219 1060 4279 lic
1075 4221 1195 4298 planum
1216 4216 1376 4293 ecliptieae,
1402 4217 1451 4275 Fit
1467 4218 1642 4292 trajectoria,
1667 4236 1769 4277 secans
1787 4219 1907 4297 planum
1925 4223 2018 4301 eclip-

656 4306 736 4363 tieae
760 4306 790 4363 in
814 4307 841 4364 D
865 4315 895 4365 et
918 4306 1014 4365 divisa
1036 4311 1065 4365 in
1089 4309 1275 4384 trajectiones
1299 4303 1417 4363 diurnas
1441 4305 1621 4375 longitudine
1645 4306 1793 4380 aequales.

765 4408 824 4468 Sed
849 4413 946 4469 missis
970 4415 1097 4471 erraticis
1118 4412 1197 4471 hisce
1213 4408 1366 4477 sideribus,
1391 4425 1467 4483 quae
1483 4408 1591 4468 dudum
1610 4410 1821 4487 disparuerunt,
1846 4413 1882 4470 ad
1899 4423 2017 4473 aelerna

656 4506 761 4556 nostra
793 4506 981 4557 revertamur.
1028 4507 1077 4569 Ea,
1096 4521 1161 4571 quac
1180 4507 1240 4553 haec
1259 4509 1411 4566 seqururtnr:
1436 4501 1547 4551 caletulus
1567 4503 1687 4567 eclipseos
1707 4520 1730 4554 a.
1750 4508 1831 4569 1621,
1859 4507 2017 4565 Lungomon-

658 4585 713 4632 taul
735 4586 898 4632 Astronomia
920 4584 1019 4633 Daniea
1037 4590 1132 4639 taxata,
1151 4583 1297 4644 hypothesis
1318 4580 1401 4627 Lunae
1420 4578 1561 4642 reformata,
1581 4581 1694 4630 (latrones
1707 4584 1818 4632 Puerum
1838 4589 1883 4632 etc.
1902 4582 2019 4644 leguntur

656 4656 685 4703 lu
709 4655 864 4714 praelatione
883 4655 915 4702 ad
929 4655 1061 4717 Epitomcn
1077 4655 1249 4702 Astruuomiao
1269 4650 1330 4716 (rol.
1346 4648 1388 4699 v1.
1405 4664 1428 4711 p.
1443 4652 1476 4700 33
1490 4646 1536 4715 ss)
1556 4656 1581 4699 et
1599 4654 1623 4699 in
1642 4655 1796 4713 praelatione
1813 4654 1845 4701 ad
1865 4653 1926 4703 ('arr.
1948 4655 2017 4704 Puer.

657 4733 723 4795 (col.
742 4731 789 4783 tv.
813 4747 839 4794 p.
859 4733 935 4789 tta).
979 4732 1041 4780 Fiue
1067 4730 1196 4779 literarum
1223 4730 1289 4779 redit
1315 4728 1439 4790 Keplerus
1467 4729 1499 4777 ad
1526 4739 1646 4779 cometam
1674 4734 1713 4781 iris
1742 4734 1839 4782 verbis:
1869 4726 2018 4784 Cunielica

657 4817 780 4885 (erugari
800 4819 862 4867 aicit
882 4813 1011 4883 rrodlum)
1038 4828 1160 4871 censura
1188 4829 1253 4869 mea
1275 4826 1332 4867 non
1358 4809 1498 4883 indigent.
1545 4810 1639 4868 Video
1663 4813 1767 4871 sudum
1792 4813 2018 4872 demonstratio-

656 4917 731 4959 num
755 4899 1027 4959 matbematicorum
1043 4898 1142 4958 Solem
1165 4900 1228 4957 siue
1251 4896 1374 4967 nebulis,
1400 4895 1486 4953 video
1510 4907 1538 4954 ct
1560 4897 1686 4957 lrorninis
1710 4908 1740 4959 ct
1755 4903 1853 4977 scripti
1869 4903 2017 4973 ingenium

658 4985 890 5047 mathematicae
914 4987 1093 5047 certitudinis
1116 5004 1220 5063 capax.
1260 4974 1362 5060 Spicas
1386 4992 1482 5041 tamen
1499 4984 1612 5060 aliquas
1628 4989 1737 5062 passim
1754 4996 1783 5048 et
1799 4988 1865 5047 iude
1881 4987 2017 5059 leporem,

657 5078 687 5134 si
711 5083 828 5150 tempus
851 5076 946 5135 lcrret.
984 5074 1050 5133 Hoc
1073 5091 1162 5133 unum
1186 5072 1304 5132 incidit:
1329 5072 1364 5129 de
1386 5070 1486 5147 lapide
1509 5073 1546 5131 ad
1571 5072 1647 5150 nisae
1670 5097 1816 5147 arcuque-rr,r
1838 5077 1928 5135 verba
1950 5083 2018 5134 sunt

656 5161 838 5234 Aristotelis,
860 5163 890 5218 ui
906 5161 1001 5231 fallor,
1024 5165 1096 5221 ista:
1119 5157 1177 5221 ὑπο
1200 5180 1362 5231 arrepturae
1385 5157 1520 5233 ἓξαρθιις
1535 5183 1687 5239 spesspes,
1712 5180 1788 5238 quae
1804 5164 1893 5222 verba
1910 5173 1939 5223 et
1955 5166 2017 5239 ipse

657 5249 733 5311 elim
758 5249 794 5309 de
817 5256 905 5309 renio
928 5248 1058 5311 intellexi
1082 5257 1111 5309 et
1133 5250 1192 5308 risi.
1239 5245 1311 5322 Quis
1335 5264 1464 5321 utiquam
1489 5258 1610 5323 ventus,
1644 5266 1702 5308 non
1725 5268 1829 5311 sarum
1853 5250 1931 5325 dico,
1965 5250 2017 5311 sed

740 5368 835 5419 [spissi
848 5366 931 5421 Opera.
952 5367 1004 5411 vn·
1789 5360 1806 5413 ‘l
