5575 6342
1081 770 1140 827 Lib.
1158 771 1180 827 1.
1216 771 1344 830 Comatae
1362 773 1426 829 anni
1444 774 1521 831 tote.
1558 775 1648 844 Caput
1666 776 1714 831 111.
2010 780 2073 847 101

821 949 916 1028 Atqui
943 952 1018 1013 baec
1046 958 1128 1013 tanta
1153 952 1307 1030 prolixitas
1336 953 1434 1015 lineae
1455 952 1508 1014 ΡΥ
1530 971 1589 1014 non
1617 956 1755 1015 convenit
1778 972 1843 1015 cum
1867 955 2074 1018 observatione

720 1038 824 1115 eapitis
855 1046 885 1098 et
914 1039 1025 1101 caudae
1054 1047 1203 1102 cometae:
1236 1044 1362 1119 primum
1390 1044 1467 1103 euim
1496 1049 1611 1101 cometa
1641 1042 1696 1102 luit
1726 1044 1809 1102 initio
1839 1042 2015 1104 clarissimus
2044 1052 2074 1105 et

717 1122 954 1188 evidentissimus
979 1136 1119 1206 ,aspectu3
1154 1138 1185 1189 at
1206 1128 1258 1189 BT
1288 1129 1413 1189 altitudo
1444 1137 1575 1190 cometae
1606 1128 1654 1190 vel
1685 1134 1770 1206 quasi
1799 1130 1881 1191 fieret
1904 1130 1962 1191 hoc
1984 1140 2071 1208 pacto

718 1212 836 1274 tandem
866 1212 982 1292 longior
1011 1217 1076 1294 ipsa
1100 1215 1157 1275 BA
1187 1216 1341 1277 altitudine
1364 1215 1452 1280 Solis.
1496 1217 1653 1277 Evidentia
1685 1235 1753 1277 vero
1784 1225 1920 1295 aspectus
1950 1225 2073 1280 testatur

716 1299 750 1361 de
779 1302 1004 1381 propinquitate
1034 1302 1149 1380 majori.
1194 1303 1325 1378 Deinde,
1360 1307 1385 1363 si
1414 1313 1530 1366 cometa
1560 1311 1620 1363 tam
1650 1313 1779 1365 remotus
1810 1313 1839 1365 et
1869 1305 1944 1365 ultra
1973 1304 2073 1367 Solem

716 1389 796 1449 initio
819 1390 939 1465 statim,
967 1403 1039 1453 cum
1068 1389 1163 1451 cauda
1195 1390 1259 1467 eius
1285 1390 1389 1453 tendat
1410 1394 1440 1451 in
1463 1392 1630 1470 oppositum
1653 1390 1745 1466 Solis,
1781 1392 1876 1452 cunda
1897 1409 1956 1452 non
1979 1394 2072 1454 multo

715 1473 797 1537 aliter
820 1476 998 1554 objiceretur
1015 1480 1093 1539 risui
1115 1480 1145 1537 in
1161 1477 1193 1553 E,
1218 1496 1308 1556 quam
1329 1480 1359 1538 iu
1377 1477 1413 1541 G.
1453 1481 1544 1556 Atqui
1567 1478 1621 1537 init
1644 1478 1893 1541 evidentissimum
1917 1480 2073 1543 discrimen

714 1567 883 1641 apparentis
911 1564 1103 1643 longitudinis
1133 1563 1246 1627 caudae
1275 1575 1399 1643 utraque
1430 1569 1510 1627 ricc:
1541 1568 1636 1643 prima
1666 1569 1742 1627 enim
1765 1567 1812 1629 die
1835 1584 1893 1627 non
1918 1568 1993 1628 ultra
2016 1565 2073 1629 300

714 1652 816 1729 longa,
843 1650 890 1712 die
915 1659 942 1714 9.
966 1654 1039 1716 Dec.
1065 1655 1128 1713 risa
1151 1660 1195 1713 est
1218 1649 1275 1712 72⁰
1296 1654 1400 1732 longa,
1424 1656 1480 1714 etsi
1503 1672 1623 1714 necesse
1645 1662 1705 1729 est,
1728 1657 1855 1717 crevisse
1877 1655 1959 1715 illam
1983 1658 2072 1717 etiam

715 1757 742 1799 re
765 1757 856 1814 rara,
879 1742 905 1800 si
926 1758 985 1802 non
1007 1746 1122 1802 cometa
1144 1741 1198 1801 luit
1219 1744 1313 1819 prima
1335 1740 1382 1803 die
1405 1741 1497 1801 multo
1520 1744 1657 1802 remotior
1679 1760 1697 1801 a
1719 1741 1810 1803 Terra
1833 1762 1921 1820 qnam
1946 1745 1974 1805 3.
1998 1744 2070 1805 Dee.

716 1826 830 1900 Tertio,
865 1846 960 1904 neque
990 1829 1047 1889 boc
1077 1831 1214 1888 convenit
1243 1828 1409 1890 evidentiae
1438 1829 1550 1889 candae
1573 1831 1603 1887 in
1624 1830 1784 1906 principio,
1817 1840 1850 1889 ut
1872 1829 1923 1889 illa
1947 1848 1977 1890 re
2000 1850 2072 1892 vera

717 1932 828 1973 rursum
853 1917 950 1993 potius
977 1918 1142 1995 porrigatur
1163 1935 1182 1976 a
1204 1916 1309 1989 Terra,
1345 1934 1435 1993 quam
1458 1916 1593 1977 deorsum
1617 1935 1719 1977 versus
1742 1917 1842 1991 illam;
1876 1920 2071 1995 porrigeretur

718 2010 812 2061 autem
842 2020 974 2081 sursum,
1005 2006 1031 2064 si
1059 2010 1174 2065 cometa
1203 2004 1279 2064 ultra
1301 2004 1353 2063 TY
1382 2004 1537 2081 trajiceret
1583 2002 1810 2079 Concludimus,
1843 2014 1987 2066 cometam
2009 2024 2068 2069 non

719 2090 803 2151 inisse
826 2096 889 2150 tam
911 2091 1003 2151 altum
1025 2093 1101 2152 inter
1123 2092 1215 2165 initia,
1238 2090 1290 2152 sed
1313 2092 1476 2152 citeriorem
1498 2090 1577 2151 Solo.

816 2176 932 2253 Restat,
948 2186 982 2239 ut
992 2179 1159 2258 trajectoria
1172 2186 1303 2241 transcat
1318 2182 1392 2241 inter
1407 2181 1551 2241 sectiones
1561 2178 1666 2253 media,
1683 2179 1835 2257 quasdam,
1852 2186 1884 2241 nt
1899 2182 1975 2241 circa
1986 2179 2020 2256 Q,
2034 2180 2070 2255 Y,

721 2261 882 2342 relinquens
911 2267 1000 2341 inira,
1034 2264 1191 2344 quasdam,
1224 2274 1256 2326 ut
1284 2269 1361 2327 circa
1389 2268 1423 2342 Z,
1446 2267 1470 2342 l,
1499 2285 1597 2345 supra.
1644 2268 1719 2328 Dico
1752 2269 1951 2345 traJectoriam
1979 2268 2070 2329 fuisse

722 2368 802 2410 unam
834 2370 872 2412 ex
894 2355 930 2414 ils
953 2356 1085 2427 risoriis,
1114 2371 1190 2430 quae
1214 2356 1265 2417 25.
1291 2354 1361 2416 Dee.
1384 2361 1453 2415 sunt
1475 2361 1628 2431 sequutae.
1672 2355 1748 2415 Nam
1770 2355 1827 2417 boc
1850 2356 1897 2415 die
1920 2357 2003 2416 visus
2026 2363 2072 2416 est

723 2446 828 2499 cometa
844 2442 874 2498 in
902 2437 956 2501 180
971 2450 1013 2517 ΙΨ,
1037 2440 1089 2502 Sol
1103 2443 1134 2500 in
1157 2436 1234 2524 3¹l,⁰
1250 2443 1309 2521 h:
1333 2441 1508 2519 quadratum
1532 2459 1601 2519 ergo
1617 2440 1706 2517 Solis,
1728 2461 1781 2503 seu
1797 2450 1920 2521 tangens
1944 2443 2070 2523 orbitam

722 2526 820 2587 Terrae
843 2528 874 2587 in
893 2527 918 2601 Ι,
940 2528 1003 2590 ibat
1017 2531 1047 2588 in
1069 2523 1146 2609 3¹l.,⁰
1164 2530 1228 2601 st,
1251 2545 1318 2588 cnm
1341 2548 1400 2606 qua
1423 2529 1468 2589 ΙΚ
1490 2529 1617 2590 iaciebat
1641 2531 1780 2606 angulum
1801 2525 1917 2613 lb¹s,⁰,
1941 2547 2010 2607 ergo
2025 2530 2071 2590 IK

722 2614 865 2675 resecabat
895 2614 931 2676 de
962 2616 1057 2677 orbita
1079 2616 1121 2675 lB
1149 2633 1247 2675 mcum
1271 2613 1337 2676 31⁰.
1383 2616 1415 2676 Si
1444 2634 1514 2678 vero
1537 2616 1636 2677 dietim
1661 2616 1723 2677 Soli
1747 2618 1794 2678 vel
1817 2618 1924 2677 Terrae
1946 2617 2070 2693 gradum

723 2702 840 2776 tribuas,
872 2702 903 2761 hi
926 2700 985 2762 31⁰
1007 2724 1026 2764 a
1048 2703 1099 2764 25.
1122 2702 1196 2763 Dec.
1226 2710 1302 2764 retro
1332 2703 1459 2764 ordinati
1490 2706 1653 2781 pertingent
1684 2723 1776 2782 usqne
1808 2704 1846 2764 ad
1872 2704 1985 2778 locum,
2019 2706 2070 2766 ubi

723 2787 1051 2851 cicatricatum
1079 2791 1143 2854 luit.
1188 2792 1280 2868 Atqui
1309 2794 1401 2851 sectio
1432 2792 1534 2852 debuit
1562 2790 1624 2852 fieri
1655 2800 1723 2853 ante
1746 2791 1831 2851 illnm
1852 2792 1965 2865 locum,
2000 2795 2071 2867 quia

722 2874 787 2937 elida
817 2885 933 2937 cometa
962 2877 1008 2939 die
1031 2881 1083 2938 24.
1106 2877 1182 2937 Nor.
1212 2881 1241 2936 in
1272 2881 1337 2956 ipsa
1359 2879 1450 2940 Terra
1477 2880 1593 2952 lubeat,
1630 2897 1687 2939 nou
1716 2882 1804 2957 igitur
1835 2882 1916 2939 visus
1939 2886 2017 2939 esset
2039 2882 2070 2940 in

722 2962 829 3038 coelo,
847 2981 938 3040 quare
961 2965 1038 3025 ultra
1060 2966 1075 3024 l
1098 2965 1266 3042 trajectoria
1286 2967 1400 3027 secabit
1422 2967 1546 3027 orbitam
1569 2964 1705 3027 Telluris.
1751 2969 1885 3043 Denique
1908 2969 1934 3025 si
1956 2975 2071 3029 tuemur

722 3050 815 3111 ordine
844 3050 1045 3115 decrescentes
1079 3052 1196 3112 diurnas
1227 3056 1376 3131 portiones
1405 3055 1606 3131 trajectoriae,
1639 3055 1721 3115 nulla
1752 3057 1862 3115 visoria
1894 3053 1944 3114 fiet
1974 3057 2070 3132 aptior

721 3138 899 3216 traiectoriae
927 3142 957 3199 in
980 3141 1176 3218 applicatione
1200 3141 1369 3202 mechanica
1391 3140 1572 3202 diversarum
1593 3142 1751 3215 linearum,
1786 3142 1991 3221 epichiremate
2016 3142 2068 3202 VI.

719 3225 912 3301 lonnatarnm,
935 3245 1024 3305 quam
1039 3246 1115 3305 qnae
1140 3229 1168 3287 8.
1185 3227 1320 3289 Januarii
1343 3229 1461 3289 tendere
1479 3231 1542 3290 visa
1565 3231 1653 3289 estin
1674 3224 1754 3312 974⁰
1772 3237 1807 3307 si,
1830 3229 1943 3289 scilicet
1958 3228 2068 3290 TVNO

719 3321 765 3374 sut
785 3313 889 3392 aliqua
910 3316 1017 3377 vicina
1057 3315 1134 3375 Nam
1157 3318 1212 3376 etsi
1235 3316 1309 3376 alitis
1331 3319 1498 3394 trajectoria
1519 3316 1613 3377 tondit
1635 3317 1664 3374 in
1687 3316 1784 3376 locum
1807 3317 1980 3393 quadratum
2005 3318 2070 3393 ejus

721 3400 782 3475 loci,
805 3404 837 3461 iu
853 3419 913 3480 quo
929 3401 1050 3463 diurnus
1064 3403 1119 3463 luit
1134 3405 1277 3464 maximus
1292 3403 1336 3481 (id
1352 3422 1421 3465 vero
1443 3405 1498 3463 iuit
1513 3406 1542 3463 iu
1564 3411 1664 3465 nostro
1680 3412 1795 3465 cometa
1810 3407 1886 3464 circa
1908 3404 1996 3464 finem
2014 3407 2065 3474 ὲ

720 3496 782 3551 ante
805 3492 835 3550 9.
860 3490 1048 3565 Decembris,
1072 3508 1167 3568 eoque
1190 3492 1355 3568 trajectoria
1378 3495 1408 3551 in
1431 3492 1518 3553 finom
1541 3488 1581 3575 ὓ
1607 3490 1724 3552 tendere
1747 3491 1876 3566 debuit),
1900 3491 1949 3551 hic
1970 3499 2068 3551 tamen

720 3576 835 3637 diurnus
857 3577 951 3639 iactus
975 3586 1020 3638 est
1041 3580 1186 3638 muimus
1207 3585 1326 3656 propter
1339 3578 1414 3639 alias
1437 3582 1525 3639 etiam
1548 3598 1662 3654 canses,
1686 3580 1799 3640 scilicet
1820 3586 1939 3657 propter
1960 3595 2069 3656 appro-

718 3665 935 3742 pinquationem
950 3665 1078 3725 Telluris
1099 3667 1130 3725 in
1146 3665 1173 3725 G
1188 3665 1328 3728 directam
1351 3667 1388 3726 ad
1412 3677 1509 3743 partos
1532 3669 1716 3744 trajectoriae
1740 3667 1819 3744 apud
1836 3667 1879 3739 V3
1904 3675 1935 3724 ut
1957 3674 2068 3742 quanto

720 3750 835 3813 diurnus
863 3770 1008 3831 apparens
1037 3752 1127 3814 fiebat
1154 3756 1248 3814 minor
1277 3755 1314 3814 ob
1342 3754 1562 3814 inclinationem
1585 3755 1640 3814 TV
1663 3754 1701 3814 ad
1725 3754 1781 3814 GV
1809 3754 1950 3830 majorem
1980 3771 2069 3829 quam

720 3841 747 3899 in
767 3840 803 3913 T,
826 3847 909 3900 tanto
932 3842 1061 3901 vicissim
1084 3848 1240 3918 augeretur
1262 3841 1300 3900 ob
1323 3841 1492 3901 distantiam
1515 3840 1572 3901 GV
1594 3838 1736 3903 minorem
1759 3860 1847 3918 qnam
1870 3841 1930 3900 TE.
1969 3841 2069 3900 Testi-

720 3927 843 3988 monium
875 3927 945 3988 buic
973 3926 1069 3989 lineae
1092 3928 1224 4007 perhibet
1246 3930 1334 3988 etiam
1358 3929 1453 3989 cauda
1475 3937 1623 4004 cometae,
1657 3932 1728 4005 quia
1750 3936 1779 3989 et
1802 3928 1963 3990 demittitur
1985 3945 2021 3986 cx
2043 3926 2068 3985 Τ

721 4032 816 4075 rersus
846 4015 902 4076 iter
923 4014 1030 4076 Terrae
1058 4016 1148 4092 litque
1177 4016 1222 4075 illi
1251 4018 1279 4074 in
1303 4016 1328 4075 Ε
1356 4034 1421 4076 cum
1444 4035 1499 4076 sna
1521 4019 1703 4077 extremitate
1727 4018 1843 4095 propior
1866 4033 1960 4091 eoque
1982 4015 2070 4074 latior

719 4104 745 4160 in
773 4108 902 4164 extremo
932 4103 1103 4182 apparebit3
1136 4110 1165 4164 et
1193 4105 1217 4162 si
1248 4120 1283 4163 ex
1308 4104 1331 4161 E
1353 4111 1486 4181 spectata
1507 4104 1563 4163 luit
1586 4102 1642 4163 34⁰
1663 4103 1767 4181 longa,
1802 4121 1922 4164 manens
1944 4119 1975 4161 re
2000 4119 2069 4160 vora

719 4188 906 4267 longitudinis
936 4188 1083 4267 ejusdem,
1115 4193 1222 4268 poterit
1248 4208 1284 4251 ex
1308 4190 1336 4249 G
1359 4190 1452 4251 videri
1477 4188 1534 4252 41⁰
1556 4191 1645 4268 longa
1667 4200 1697 4251 et
1717 4199 1795 4252 reete
1818 4191 1935 4266 obJeeta
1958 4188 2070 4248 Telluri

719 4276 788 4338 inG
808 4277 964 4357 apparebit
984 4279 1135 4354 angustior
1157 4285 1185 4338 et
1208 4277 1336 4356 dilutior,
1359 4282 1429 4355 qnia
1451 4281 1634 4340 extremitate
1656 4296 1711 4339 sua
1732 4281 1869 4339 remotior
1892 4296 1910 4337 a
1929 4275 1957 4335 G
1981 4294 2069 4353 qnam

719 4367 794 4444 prius
814 4366 853 4426 ab
877 4364 912 4427 Ε.

816 4452 879 4514 Νοο
906 4469 1025 4514 morere
1054 4450 1141 4513 debet
1170 4452 1323 4527 lectorem,
1355 4453 1436 4529 quod
1458 4453 1539 4514 ridet
1566 4455 1654 4513 etiam
1677 4453 1753 4513 hauc
1774 4453 1883 4513 lineam
1907 4448 2069 4512 ..ffvtieo

719 4540 809 4597 sortiri
832 4547 930 4619 partes
946 4547 1092 4601 utremas
1106 4538 1251 4601 versmO
1275 4541 1401 4617 majores
1420 4560 1507 4617 qnam
1530 4544 1607 4601 circa
1623 4548 1652 4599 ti.
1689 4540 1765 4599 Nam
1781 4540 1810 4600 id
1832 4558 1883 4618 per
1902 4539 1943 4598 th.
1960 4537 2068 4597 XXX.

718 4624 822 4685 lectum
853 4634 898 4689 est
927 4635 1098 4705 propterea,
1129 4628 1200 4704 quia
1228 4646 1283 4705 ego
1312 4646 1376 4706 cap.
1399 4628 1440 4686 Il.
1472 4631 1531 4687 vim
1555 4629 1640 4689 intuli
1663 4627 1932 4699 observationibus,
1967 4627 2069 4685 volerrs

720 4710 781 4772 illas
809 4713 942 4793 redigere
972 4716 1003 4774 in
1029 4714 1159 4775 ordinem
1189 4716 1349 4775 constantis
1377 4714 1561 4777 decrementi.
1609 4714 1718 4791 Quare.
1735 4718 1810 4774 circa
1834 4716 1862 4773 3.
1886 4713 1974 4779 Jan..
2010 4731 2069 4788 qno

719 4798 761 4859 die
783 4810 897 4864 cometa
919 4809 982 4863 erat
1004 4804 1080 4862 circa
1100 4807 1132 4875 θ,
1155 4802 1270 4863 duobus
1293 4801 1432 4881 gradibus
1455 4804 1538 4863 illurn
1561 4805 1626 4881 plus
1650 4805 1679 4861 in
1701 4802 1910 4879 consequentia
1934 4802 2068 4877 protrusi,

719 4902 803 4961 quam
833 4889 1077 4967 lngolstadiemis
1107 4890 1275 4951 observatio
1307 4891 1413 4963 babet,
1448 4894 1477 4950 in
1510 4890 1567 4952 fine
1600 4908 1670 4950 vero
1702 4890 1749 4949 dic
1783 4890 1831 4948 18.
1861 4887 1931 4947 Jan.
1964 4888 2069 4948 retinui

720 4972 883 5037 Sebiekardi
899 4977 1135 5039 observationem
1149 4981 1304 5055 integram:
1330 4980 1430 5054 itaque
1445 4980 1543 5056 spatia
1557 4978 1628 5037 milri
1643 4980 1718 5037 circa
1738 4986 1759 5035 rt
1772 4983 1929 5048 coarctata,
1952 4976 2027 5034 circa
2043 4972 2069 5033 0

721 5070 832 5124 extenta
860 5066 986 5126 luerunt.
1032 5063 1064 5124 Si
1095 5066 1161 5143 quis
1190 5069 1250 5126 otio
1279 5065 1425 5141 abundat,
1459 5068 1483 5124 is
1513 5066 1621 5125 diurnis
1649 5068 1678 5122 in
1708 5063 1816 5123 circulo
1839 5078 1945 5139 magno
1969 5070 2068 5120 utatur

720 5146 783 5224 illie,
805 5153 855 5229 qni
876 5159 948 5213 sunt
969 5150 1107 5229 adscripti
1130 5151 1168 5213 ad
1189 5156 1351 5230 marginem
1372 5152 1492 5213 tabulae
1513 5172 1533 5213 a
1558 5155 1606 5212 15.
1629 5151 1700 5212 Dec.
1726 5168 1818 5225 noque
1841 5148 1878 5208 ad
1901 5149 2004 5224 finem3
2040 5155 2070 5208 et

723 5248 914 5305 wnmmmsto
943 5257 979 5307 ex
1005 5236 1151 5307 dhtuntiis
1174 5241 1212 5305 ab
1235 5242 1439 5303 intersectione
1461 5239 1573 5307 celoqu
1596 5237 1801 5325 longitudinis,
1836 5235 1955 5298 schema
1978 5237 2067 5301 etiam
