5575 6342
711 753 780 823 m
1206 750 1343 822 lbehcnis
1360 748 1572 820 Hyperasplstes

712 937 765 991 ant
780 926 825 1003 5⁰,
846 947 902 991 nec
924 930 1050 991 indicavi
1073 928 1178 1003 solnm,
1200 927 1253 989 sed
1276 927 1365 990 etiam
1387 927 1549 987 manifestis
1566 928 1752 1006 speculorum
1766 930 1976 1005 experlmtls
1990 946 2064 991 com·

713 1018 849 1096 probavi,
871 1016 924 1077 sed
946 1036 1023 1095 quac
1045 1034 1104 1077 non
1125 1027 1249 1094 possunt
1271 1016 1411 1093 applicari
1435 1018 1491 1073 nisi
1516 1014 1611 1078 sidere
1626 1018 1655 1074 ln
1669 1018 1818 1093 ipsissimo
1834 1016 1991 1077 horizonte
2006 1020 2065 1077 riso

714 1115 745 1166 at
766 1122 818 1182 per
839 1106 993 1167 veritatem
1016 1104 1111 1165 adhuc
1133 1104 1209 1164 infra
1230 1106 1383 1177 existente,
1408 1120 1461 1163 nec
1476 1103 1634 1179 quicquam
1648 1106 1776 1165 attinent
1790 1112 1941 1165 comem
1957 1106 1988 1162 in
2004 1106 2065 1166 alti·

715 1192 816 1253 tudine
838 1192 941 1269 eliqua
962 1209 1050 1269 supra
1072 1192 1262 1252 horizontem.

822 1280 870 1338 15.
909 1280 955 1339 lta
983 1280 1119 1340 omnihus
1141 1279 1236 1338 modis
1259 1278 1402 1338 deseritm
1426 1275 1642 1337 Oleramontius
1665 1293 1731 1337 cum
1752 1295 1808 1339 sna
1830 1284 2008 1356 portentose
2028 1296 2069 1340 re·

715 1368 854 1427 fractione
878 1368 907 1423 in
930 1376 1044 1427 cometa
1065 1367 1196 1440 clevato,
1221 1365 1363 1425 deseritur
1385 1368 1506 1442 inquam
1529 1365 1635 1426 abhis
1658 1364 1800 1443 exemplis
1823 1364 2026 1427 Gassellarnm
2045 1377 2070 1427 et

714 1455 818 1515 Novae
840 1453 995 1526 Zemhlac,
1024 1455 1189 1531 frustraque
1219 1471 1250 1514 se
1281 1456 1316 1513 iis
1344 1452 1468 1529 palliare
1496 1452 1603 1513 studet.
1650 1451 1759 1513 Clauso
1782 1471 1853 1515 suo
1877 1453 1936 1515 hoc
1959 1455 2070 1513 subm·

715 1544 796 1617 fugio
825 1559 877 1617 per
907 1542 1113 1601 refractionem
1143 1544 1270 1613 exitum,
1304 1538 1589 1618 comprehenduntur
1621 1557 1732 1605 errores
1762 1541 1914 1601 manifesti
1945 1540 2069 1601 locorum

715 1628 916 1706 eclipticorum
938 1637 1072 1689 cometae
1095 1647 1130 1689 ex
1154 1629 1200 1688 his
1222 1628 1392 1687 auctoribus
1415 1642 1481 1687 cum
1504 1626 1681 1706 Tycbonicis
1704 1636 1959 1704 comparatorum,
1983 1646 2070 1703 eoque

715 1733 811 1792 neque
827 1714 941 1775 illorum
957 1719 1040 1789 socii,
1062 1734 1097 1775 ex
1114 1716 1222 1793 quibus
1237 1714 1337 1790 aliqua
1351 1732 1460 1790 magna
1475 1731 1533 1775 non
1548 1714 1692 1789 refractio,
1714 1715 1767 1775 sed
1781 1714 1946 1793 parallaxis
1964 1714 2071 1776 ridetur

715 1805 798 1877 elici,
829 1802 916 1863 fidem
944 1810 1105 1876 merentur,
1135 1821 1189 1863 ncc
1210 1812 1279 1861 sunt
1300 1803 1365 1877 eJ‘ns
1388 1804 1489 1879 pretii,
1519 1811 1552 1860 ut
1574 1819 1640 1862 cnm
1662 1803 1825 1863 manifestis
1848 1810 1880 1863 et
1902 1801 2071 1863 indubitatis

714 1890 865 1970 'tychonis
887 1891 1142 1951 observationibus
1166 1888 1387 1951 contendantur.

1192 2037 1235 2103 lu
1258 2036 1353 2117 capu
1374 2034 1421 2101 lb.
1445 2030 1498 2101 fel.
1519 2033 1588 2100 3²9.

825 2153 851 2213 1.
881 2150 1063 2212 Basiliadam
1086 2151 1234 2229 quandam
1257 2149 1357 2212 ludere
1380 2150 1495 2212 videtur
1517 2149 1591 2210 haec
1613 2148 1763 2228 Tychonis
1785 2150 1960 2213 adversaria
1983 2154 2070 2225 simia,

716 2240 746 2297 in
770 2255 829 2314 que
851 2239 889 2298 sit
912 2248 941 2299 et
962 2258 1022 2314 rex,
1045 2248 1075 2299 et
1096 2241 1207 2316 regina,
1231 2238 1370 2300 stanles
1392 2241 1541 2315 magister,
1565 2246 1595 2297 et
1616 2240 1800 2310 camaenas,
1823 2247 1854 2299 at
1868 2240 2070 2313 marescalcus,

716 2333 747 2385 et
768 2325 946 2403 capellanus,
971 2336 1000 2387 et
1022 2326 1216 2399 consiliarius,
1240 2334 1270 2387 et
1292 2325 1434 2402 plurimus
1456 2325 1565 2402 ubique
1588 2327 1695 2385 morio:
1720 2324 1795 2387 adeo
1810 2343 1913 2387 omnes
1930 2326 1996 2387 libri
2012 2328 2072 2406 'ly-

716 2412 831 2473 cbonici
853 2422 951 2491 partes
973 2418 1037 2475 sine
1059 2418 1231 2491 exceptione
1254 2416 1284 2472 in
1307 2431 1391 2473 suam
1415 2415 1588 2473 contrariam
1612 2412 1787 2489 hypothesin
1819 2413 1950 2474 baducit
1972 2414 2071 2475 Clara·

715 2502 853 2575 montius,
878 2509 911 2561 ut
933 2502 990 2561 hoc
1012 2504 1109 2579 capite
1132 2521 1169 2561 ue
1191 2501 1259 2560 illos
1282 2501 1400 2577 quidem
1423 2502 1565 2560 minorum
1587 2502 1719 2576 gentium
1741 2501 1967 2575 observatores,
1990 2502 2071 2580 Hag-

715 2590 843 2667 gccium,
864 2587 1026 2662 Nolthium,
1050 2588 1224 2663 Scultetum,
1248 2588 1458 2662 Wiuclrlerum‚
1482 2604 1605 2664 quorum
1628 2590 1737 2664 scripta
1761 2590 1945 2649 examinavit
1963 2588 2070 2667 Tycha,

716 2678 855 2751 omiserit,
879 2679 949 2753 quin
973 2679 1061 2738 etiam
1085 2676 1123 2735 ah
1147 2679 1183 2736 iis
1206 2676 1470 2737 demonstrationes
1491 2683 1592 2734 contra
1615 2674 1786 2752 Tychonem
1809 2675 2019 2737 emendicaret.

821 2765 851 2824 2.
886 2762 1062 2841 Quanquam
1085 2781 1212 2840 aequum
1235 2772 1280 2824 est
1303 2766 1490 2839 ignoscamus
1513 2762 1632 2835 homini,
1664 2763 1744 2838 quod
1766 2780 1820 2823 suo
1844 2765 1872 2822 in
1895 2759 2072 2843 ὁμοφηφονς

717 2848 832 2908 ducitur
861 2853 965 2926 genio:
998 2850 1101 2911 similis
1131 2851 1218 2911 simili
1246 2850 1365 2928 gaudet.
1411 2850 1453 2910 Hi
1484 2852 1619 2909 nimirum
1648 2860 1791 2911 cometem
1820 2854 1886 2911 ausi
1910 2860 1981 2911 sunt
2003 2852 2070 2910 sub-

715 2934 848 2996 lunarem
874 2938 989 3013 facere,
1019 2939 1127 3014 volupe
1156 2948 1215 3011 est,
1244 2941 1357 2997 munire
1383 2956 1416 2999 se
1440 2938 1683 3011 auetoritatibus,
1714 2937 1772 2998 huc
1800 2940 1903 3014 quanti
1927 2937 2071 3017 ponderis,

716 3022 877 3085 Winchleri
899 3034 971 3101 puta
993 3034 1022 3085 et
1043 3025 1166 3086 Nolthii.
1211 3025 1285 3085 Nam
1308 3024 1458 3085 Scultetue
1481 3032 1511 3084 et
1532 3022 1704 3102 Haggecins
1726 3027 1782 3084 viri
1804 3025 1923 3087 fuerunt
1945 3028 1976 3085 in
1998 3033 2072 3087 certa

716 3118 799 3187 parte
820 3112 960 3172 scientiae
982 3112 1175 3186 observandi,
1200 3129 1257 3172 non
1281 3112 1495 3173 contemnendi.

821 3200 850 3258 3.
882 3200 922 3259 At
944 3199 1032 3261 iidem
1055 3217 1106 3277 per
1129 3200 1227 3261 literas
1241 3218 1260 3260 a
1275 3200 1416 3278 Tychone
1439 3198 1580 3260 admoniti
1605 3195 1641 3258 de
1663 3215 1719 3259 sua
1740 3202 1887 3261 senwntia
1907 3198 1996 3262 facile
2012 3217 2071 3261 sese

716 3283 821 3345 deduci
843 3295 913 3346 sunt
933 3290 1023 3364 passi,
1046 3295 1079 3346 ut
1100 3296 1182 3364 patet
1204 3306 1238 3348 ex
1262 3296 1341 3348 tomo
1364 3288 1405 3347 11.
1430 3286 1587 3363 Progymn.
1611 3284 1761 3362 ‘l'ychoais
1783 3288 1834 3348 fol.
1860 3290 1925 3349 366
1950 3296 1980 3349 et
2003 3294 2071 3359 tta,

717 3380 750 3431 ut
772 3388 831 3431 non
853 3374 964 3435 habeat
986 3392 1105 3435 causam
1128 3374 1362 3448 claramontius,
1385 3392 1486 3434 eorum
1510 3388 1683 3432 consensum
1702 3374 1845 3450 Jactendi.
1891 3376 1932 3437 Et
1953 3374 2071 3454 Hagen·

717 3462 780 3517 cius
804 3460 921 3536 quidem
944 3465 1118 3522 sententiam
1140 3463 1256 3539 publice
1280 3463 1461 3541 retractavit,
1484 3458 1632 3521 Scultetue
1652 3478 1805 3522 varocum
1820 3462 1859 3523 ad
1876 3466 1950 3541 reip.
1964 3465 2072 3540 patrias

716 3548 817 3606 munia
839 3550 1000 3623 transisset,
1024 3567 1150 3624 manum,
1174 3551 1253 3626 quod
1276 3553 1367 3623 aiunt,
1392 3550 1427 3609 de
1452 3546 1553 3609 tabula
1576 3544 1724 3623 suhduxit,
1748 3567 1802 3610 nec
1825 3551 1856 3612 id
1878 3568 1989 3629 magno
2012 3569 2071 3611 cnm

715 3636 897 3711 posteritatis
919 3636 1026 3696 damno
1049 3640 1203 3697 intermisit
1216 3634 1276 3717 ³⁰J:
1300 3636 1373 3696 nihil
1397 3638 1473 3697 enim
1489 3651 1600 3707 eornm,
1624 3652 1701 3712 quae
1718 3655 1754 3698 ex
1771 3654 1806 3697 eo
1823 3637 1929 3716 Tycha
1943 3639 1996 3699 fol.
2014 3642 2070 3699 lit

718 3722 864 3798 speranda
884 3726 1017 3800 putavit,
1049 3728 1209 3798 evenisset,
1241 3733 1269 3784 4.
1298 3742 1356 3783 non
1385 3725 1489 3784 fuisset
1510 3722 1628 3782 ademta
1650 3723 1851 3786 claramontis
1875 3729 2013 3801 occasio,
2041 3726 2071 3785 de

719 3810 776 3869 huc
798 3819 913 3871 comete
936 3814 1031 3871 minus
1053 3820 1132 3872 recte
1152 3811 1304 3888 judicandi
1327 3830 1379 3871 sou
1402 3815 1501 3888 potius
1524 3811 1739 3888 protervieudi3
1768 3830 1827 3872 non
1858 3817 1940 3875 enim
1970 3815 2026 3874 hac
2046 3816 2070 3871 in

719 3915 749 3957 re
778 3915 843 3958 sese
874 3917 980 3975 passus
1009 3907 1054 3959 est
1085 3899 1216 3975 impediri
1240 3918 1259 3960 a
1281 3900 1443 3959 clarissima
1475 3905 1505 3957 et
1536 3900 1663 3972 ingenua
1685 3898 1830 3976 Haggecii
1859 3904 2069 3971 munctadone,

719 3986 788 4059 quin
813 4003 878 4044 oum
903 3987 950 4047 vel
973 3989 1096 4046 invitum
1120 3987 1157 4045 ad
1179 3990 1378 4047 testimonium
1392 4002 1445 4063 pro
1461 4003 1493 4045 se
1509 3983 1662 4045 dicendum
1678 3987 1861 4063 protraheret
1874 3988 2069 4051 nihilominus.

825 4074 852 4129 5.
884 4072 943 4133 Sed
966 4077 1036 4150 quia
1052 4074 1267 4134 Claransontius
1290 4073 1364 4133 nihil
1385 4072 1535 4133 attendere
1558 4071 1622 4130 vult
1643 4074 1682 4132 ad
1706 4078 1832 4135 virorum
1855 4076 1964 4138 horum
1987 4079 2069 4137 ratio·

719 4172 788 4227 nes,
818 4158 888 4216 nihil
918 4160 955 4218 ad
985 4162 1143 4222 eorundum
1172 4163 1407 4233 retractationes,
1439 4163 1510 4236 quia
1537 4169 1653 4220 recuset
1681 4161 1846 4239 expendere
1868 4166 2069 4243 responsiones

719 4241 869 4320 'lychonis
899 4255 927 4305 et
957 4264 1077 4307 examen
1108 4252 1236 4325 ipsarum
1266 4250 1504 4309 observationum
1535 4249 1785 4308 accuratissimum
1809 4246 2002 4330 (quanquam
2023 4252 2069 4312 hoc

719 4338 782 4389 erat
794 4330 1031 4417 aequissimum),
1055 4346 1083 4395 ct
1105 4339 1175 4412 quia
1197 4344 1245 4394 sat
1267 4336 1374 4396 hebere
1398 4335 1476 4408 dicit,
1502 4337 1582 4412 ipsas
1602 4350 1703 4395 eorum
1718 4338 1946 4400 ohservationes
1962 4358 2068 4401 earnm·

720 4435 777 4494 que
800 4417 977 4481 differentias
1000 4424 1137 4497 conferre,
1161 4422 1280 4502 perinde
1303 4441 1338 4482 ac
1359 4424 1384 4481 si
1409 4430 1507 4482 essent
1528 4422 1742 4497 exactissimae,
1765 4424 1886 4502 perinde
1911 4444 1949 4488 ac
1970 4430 1999 4488 sl
2019 4436 2068 4489 tm

719 4503 804 4564 facile
827 4519 904 4569 esset
926 4527 1014 4586 opus,
1045 4517 1129 4571 cauto
1152 4520 1181 4570 ct
1204 4509 1358 4587 diligenter
1380 4511 1553 4569 observare:
1584 4518 1752 4586 repetantur
1781 4514 1869 4589 igitur
1894 4518 1997 4577 omnia
2019 4514 2067 4583 illa

721 4610 797 4669 quae
819 4598 900 4670 prins
922 4598 959 4656 ad
983 4598 1163 4657 consimilem
1186 4600 1311 4657 abusum
1334 4597 1464 4656 locorum
1480 4597 1688 4673 eclipticorum,
1711 4598 1918 4677 aldaestlino,
1943 4602 2067 4668 semma.

718 4679 841 4740 Riislino
864 4683 1052 4759 proditorum,
1076 4702 1131 4761 ego
1155 4686 1223 4744 dixi.
1263 4684 1377 4759 Quibus
1400 4687 1559 4761 perpensis,
1583 4683 1667 4743 facilc
1692 4685 1804 4748 videbit
1826 4686 1932 4763 lector,
1956 4708 2015 4751 non
2036 4691 2068 4748 ita

720 4785 820 4827 secure
847 4770 903 4829 sihi
926 4772 1169 4833 contemnendum
1193 4788 1257 4832 esse
1281 4788 1402 4832 examen
1426 4774 1554 4848 ipsarum
1577 4771 1753 4848 simplicium
1775 4776 1864 4834 etiam
1890 4779 2067 4838 ohservatio-

721 4872 789 4913 num
819 4857 847 4913 in
876 4857 1020 4917 distantiis
1048 4860 1169 4931 afanis,
1201 4858 1279 4935 quod
1311 4859 1413 4936 Tycho
1446 4860 1582 4918 instituit.
1629 4859 1671 4918 Eo
1704 4878 1774 4921 vero
1806 4862 1883 4922 lecto
1916 4867 2067 4933 mirabitur,

719 4942 824 5002 micam
846 4960 998 5019 superesse
1022 4946 1069 5006 vel
1088 4948 1192 5023 judicii
1210 4947 1256 5007 vcl
1272 4947 1393 5023 purioris
1410 4948 1438 5003 in
1456 4945 1664 5021 Claramontio,
1689 4948 1768 5024 quod
1785 4966 1837 5009 eas
1851 4950 2067 5017 observationes

719 5046 772 5105 pru
795 5029 991 5091 fundamentis
1014 5034 1164 5095 venditare
1188 5034 1277 5094 audet
1300 5035 1580 5094 demonstrationum
1603 5051 1721 5095 suarum
1745 5040 1941 5114 egregiarum.

826 5120 854 5176 6.
893 5118 967 5179 Nam
990 5124 1056 5197 quis
1078 5124 1133 5181 sibi
1157 5130 1299 5200 temperet
1321 5124 1359 5183 ab
1383 5124 1434 5195 ira,
1458 5121 1577 5201 quando
1600 5121 1657 5183 hoc
1680 5125 1744 5200 ipso
1767 5126 1834 5185 loco
1858 5124 2068 5189 (llaramontius

719 5203 848 5269 medium
871 5209 1022 5270 terminum
1045 5207 1324 5275 demonstrationum
1345 5226 1465 5272 sumum
1488 5209 1759 5275 mathematicorum
1778 5214 1888 5291 petita
1904 5216 2068 5286 moralibus,
