5575 6342
1035 1579 1299 1760 illelius
1336 1640 1579 1762 unsrun

629 1887 741 2025 DE
765 1877 1589 2027 SIGNIFICATIONIBUS
1612 1882 1987 2025 COMETAE

951 2124 1018 2214 oui
1045 2125 1147 2197 Anno
1175 2123 1331 2195 llDClllf.
1361 2131 1571 2215 conspectus
1600 2131 1662 2199 est.

836 2311 1120 2381 Germanico
1151 2308 1376 2372 Idiomete
1398 2310 1602 2390 primum
1626 2310 1778 2376 editus

907 2448 1033 2517 Deinde
1070 2446 1103 2512 in
1139 2446 1272 2514 latinum
1309 2466 1489 2515 sermonem
1525 2468 1698 2515 conversus

1216 2570 1294 2623 Anno
1313 2564 1391 2627 1607.

731 2751 810 2806 Nune
836 2763 932 2805 reeem
959 2755 987 2801 et
1013 2762 1075 2803 oum
1105 2744 1246 2801 eventibus
1276 2753 1305 2799 et
1332 2761 1394 2799 cum
1423 2744 1535 2799 cometis
1561 2745 1625 2800 anni
1653 2747 1730 2803 fblrl.
1763 2745 1880 2803 collatus

873 2859 1021 2914 eorumque
1051 2840 1292 2911 significationibus
1324 2840 1511 2909 probabilibus
1541 2841 1733 2911 locupletatus.

686 3216 891 3293 Augustae
928 3214 1256 3277 vindelicorum
1294 3211 1402 3290 apud
1438 3212 1644 3274 Androam
1675 3214 1937 3293 dpergerum.

1162 3334 1441 3390 menon.

928 3777 1117 3840 ILLUSTRl
1140 3779 1191 3839 ET
1214 3775 1426 3840 GENEROSO
1450 3773 1611 3836 DOMINO
1634 3777 1672 3837 l).

757 3913 978 4013 hunulfo
1009 3914 1110 4012 ΜΒ.
1143 3915 1346 4014 Buuoul
1376 3914 1436 4012 ΙΝ
1470 3913 1840 4030 STARENBERG,

648 4090 668 4145 in
688 4091 842 4174 Wiltperg,
872 4093 1002 4155 Riedoclr
1024 4105 1053 4156 et
1076 4095 1267 4171 Lobenstein,
1298 4096 1417 4157 ditionis
1440 4096 1653 4173 Schaunburgh
1677 4096 1818 4171 Domino,
1848 4097 1977 4155 Domino

1143 4217 1209 4260 meo
1231 4203 1455 4277 gratiosissimo.

725 4381 854 4443 Primum
865 4383 902 4445 de
914 4382 1042 4445 (lometis
1051 4383 1192 4460 libellum,
1218 4403 1277 4462 quo
1292 4384 1509 4463 physiologiam
1527 4385 1700 4446 comotieem
1715 4401 1781 4442 surn
1798 4382 1975 4460 complexus,

636 4465 684 4538 jun
712 4471 911 4546 absolverem,
947 4473 1102 4533 tralatione
1133 4475 1162 4532 in
1191 4473 1313 4533 latinum
1345 4490 1508 4533 sermonem
1533 4472 1624 4544 faeta,
1658 4488 1723 4530 oum
1747 4480 1977 4547 supervenerunt

637 4552 672 4611 lll.
694 4555 764 4617 Gen.
792 4558 876 4618 Tuae
903 4558 1020 4635 literae,
1054 4561 1231 4639 exemplaria
1260 4569 1402 4620 uactmus
1431 4558 1467 4620 de
1497 4568 1609 4619 cometa
1638 4561 1693 4617 mei
1718 4576 1736 4616 a
1759 4575 1804 4617 me
1826 4567 1974 4635 petentes3

637 4641 725 4705 doctae
753 4645 821 4706 illae
850 4650 1018 4724 cumprimis
1045 4658 1074 4708 ot
1103 4657 1255 4724 praeterea
1278 4658 1359 4707 tanta
1381 4647 1565 4708 humanitate
1587 4664 1656 4721 erga
1679 4645 1842 4705 inferiorern
1865 4654 1894 4704 et
1917 4649 1973 4704 im-

635 4733 752 4790 meritum
780 4737 976 4813 perscriptae,
1011 4746 1043 4794 ut
1069 4735 1153 4795 facile
1177 4744 1331 4813 appareat,
1367 4742 1478 4811 quanto
1502 4733 1656 4794 intervallo
1681 4750 1774 4792 rerum
1797 4733 1974 4792 naturalium

634 4819 770 4878 seientiam
796 4824 897 4882 aritae
925 4824 1040 4899 generis
1069 4822 1235 4882 claritudini
1266 4822 1381 4883 oooulta
1412 4820 1581 4897 dignatione
1612 4819 1797 4898 praetuleris,
1831 4819 1900 4878 dum
1924 4820 1974 4880 ille

633 4922 680 4963 uon
710 4915 876 4982 contentus,
911 4912 1040 4971 animum
1070 4909 1107 4970 od
1131 4910 1205 4969 hano
1228 4910 1415 4983 transtulisti,
1451 4909 1548 4985 quoad
1573 4926 1638 4968 euru
1661 4915 1743 4967 tanto
1765 4907 1973 4985 philosophiae

634 5009 718 5055 amore
740 4997 885 5057 imbueres
906 5014 1076 5074 novumque
1099 4997 1154 5057 hoo
1179 4997 1266 5056 deotrs
1289 5000 1318 5055 in
1340 4997 1483 5056 illustrem
1506 5006 1586 5056 tuam
1608 5005 1725 5072 gentem
1748 4996 1878 5054 inferres.

724 5082 796 5143 Cum
824 5095 924 5145 entem
950 5087 980 5144 in
1003 5103 1039 5145 so
1062 5086 1140 5145 fama
1161 5085 1326 5158 fefellisset,
1355 5085 1418 5160 jam
1441 5092 1510 5144 tuno
1532 5082 1645 5160 aliquid
1669 5100 1686 5140 a
1710 5101 1755 5142 rna
1778 5084 1858 5159 typis
1881 5083 1971 5140 fuisso

634 5167 773 5246 mortum,
806 5189 901 5249 nequo
924 5172 1061 5233 haberem
1084 5172 1122 5232 ad
1150 5189 1254 5232 manus
1276 5170 1385 5232 munda
1408 5170 1603 5248 exemplaria,
1638 5170 1745 5247 quibus
1768 5169 1863 5228 Illust.
1895 5167 1969 5228 Gen.

635 5252 704 5317 Tuae
736 5256 880 5322 desiderio
913 5260 1127 5339 satisfacerem,
1170 5269 1202 5321 ut
1236 5276 1304 5338 ergo
1340 5268 1478 5323 testatum
1513 5257 1675 5334 redderem,
1708 5275 1753 5318 me
1785 5272 1970 5335 nequaquam
