5575 6342
1138 2070 1637 2157 PROOEMIUM.

1312 2342 1466 2358 mmet-wa

813 2511 868 2611 De
896 2554 1017 2611 cometis
1046 2558 1205 2613 astronomi
1235 2554 1365 2614 moderni
1388 2555 1467 2613 band
1491 2558 1532 2613 iia
1554 2555 1677 2612 multum
1701 2554 1825 2625 habent,
1856 2553 1934 2630 quod
1959 2555 2066 2615 dicant.

704 2636 794 2713 Quae
819 2643 857 2698 sit
880 2650 984 2697 natura
1001 2657 1153 2717 corporum
1169 2654 1347 2701 cometarum
1364 2660 1522 2717 eorumque
1539 2642 1706 2713 caudarum,
1731 2641 1806 2700 unde
1822 2643 1952 2719 plerique
1969 2646 2066 2700 orian-

704 2732 764 2796 tur,
790 2743 850 2802 quo
877 2727 1095 2804 proficiscantur
1119 2729 1186 2788 dum
1211 2740 1404 2803 evanescunt,
1428 2730 1516 2789 hodie
1539 2747 1596 2787 non
1621 2732 1715 2787 nrinus
1739 2732 1878 2788 incertum
1903 2739 1954 2800 est,
1979 2748 2066 2805 quam

705 2815 893 2888 temporibus
915 2814 1045 2890 Kepleri.
1091 2814 1209 2890 Quanta
1237 2817 1334 2876 absint
1361 2817 1499 2875 distantia
1521 2835 1539 2874 a
1562 2817 1630 2876 Sole
1656 2817 1701 2875 sel
1725 2817 1815 2875 Terra
1838 2820 1997 2875 astronomi
2020 2835 2067 2876 rc-

707 2902 866 2973 centiores,
891 2903 983 2978 adjuti
1008 2905 1206 2962 instrumentis
1229 2905 1440 2976 subtilioribus,
1465 2904 1647 2979 aliquantum
1664 2906 1829 2962 accuratius
1846 2907 2067 2977 investigarunt,

705 3004 798 3062 quam
823 2992 920 3064 potuit
943 2989 1089 3066 Keplerus
1113 2994 1213 3067 etqui
1238 2994 1332 3067 ipsum
1355 2991 1570 3069 praecedebant
1593 2991 1695 3068 Tycho
1713 2991 1817 3064 Brahc,
1843 2991 2016 3050 hlaestlinns
2040 3001 2069 3049 et

708 3074 772 3133 alii.
821 3074 986 3135 Paucorum
1005 3096 1020 3136 e
1037 3085 1118 3136 tnnto
1141 3096 1262 3137 numero
1286 3090 1465 3138 cometarum
1489 3089 1583 3137 certus
1607 3082 1782 3137 constitutus
1807 3089 1850 3137 est
1873 3080 1960 3150 orbis,
1985 3078 2068 3152 eujus

707 3170 842 3220 centrum
866 3160 926 3237 Sol,
952 3167 1001 3222 ria
1024 3164 1164 3241 elliptica.
1210 3164 1308 3240 Quare
1331 3184 1433 3242 parum
1457 3167 1578 3224 haberet
1600 3177 1699 3224 nostra
1723 3176 1814 3239 actas,
1839 3185 1896 3241 quo
1920 3166 2067 3239 glorietur,

704 3266 863 3324 superasse
887 3268 919 3309 se
943 3251 1118 3329 Keplerum,
1151 3255 1217 3328 qui,
1251 3256 1353 3331 paucis
1382 3262 1492 3311 tantum
1517 3255 1554 3310 ab
1579 3256 1642 3328 ipso
1667 3257 1829 3328 conspectis
1854 3263 1882 3312 et
1905 3254 2068 3310 observatis

705 3339 841 3410 cometis,
867 3354 963 3414 neque
986 3338 1077 3397 multo
1100 3340 1243 3416 pluribus,
1268 3358 1342 3416 quos
1365 3359 1383 3398 a
1405 3342 1549 3417 prioribus
1566 3343 1744 3398 accuratiore
1760 3342 1892 3399 examine
1907 3340 2068 3417 descriptos

706 3434 882 3499 acceperat,
914 3442 979 3484 euru
1012 3426 1070 3485 illis
1102 3431 1294 3504 comparatis,
1324 3431 1352 3484 in
1377 3445 1500 3486 errorem
1525 3427 1640 3500 incidit,
1673 3428 1911 3503 „trajectionem“
1937 3445 2069 3484 asserens

706 3521 889 3571 cometarum
912 3531 977 3572 esse
999 3514 1107 3572 lineam
1130 3523 1248 3588 rectam,
1272 3517 1327 3573 nisi
1350 3516 1482 3590 pluribus
1505 3526 1609 3590 postea
1632 3514 1796 3572 observatis
1820 3517 1940 3574 cometis
1967 3523 1995 3572 et
2013 3513 2068 3572 ad·

705 3598 811 3657 bibitis
836 3598 997 3659 subtilioris
1020 3602 1248 3660 mathematicae
1271 3601 1385 3678 legibus
1403 3605 1592 3660 constitutum
1610 3611 1695 3672 esset,
1721 3619 1829 3673 onerer,
1855 3604 1903 3677 qui
1922 3603 2068 3676 conspecti

704 3693 790 3758 sunt,
816 3697 945 3745 cometas
975 3689 1054 3746 eirea
1076 3688 1175 3748 Solem
1206 3692 1289 3764 quasi
1313 3690 1409 3747 locum
1433 3690 1595 3748 describere
1618 3692 1762 3748 sectiones
1786 3691 1915 3758 conicas,
1946 3706 2069 3763 quarum

705 3772 745 3830 ad
770 3772 916 3832 calculum
940 3775 1186 3850 commodissima,
1211 3776 1389 3852 parabolica,
1415 3777 1508 3835 electa
1531 3785 1583 3850 est,
1608 3793 1668 3851 qua
1690 3795 1760 3835 vera
1775 3784 1905 3835 cometae
1924 3779 1971 3833 via
1987 3794 2068 3834 com-

704 3868 868 3936 putaretur.
917 3861 1090 3938 Repetenda
1118 3881 1271 3922 censemus
1300 3881 1348 3937 ea,
1385 3882 1460 3939 quae
1490 3864 1615 3921 diximus
1641 3863 1699 3922 vol.
1723 3864 1746 3921 I.
1770 3883 1798 3939 p.
1826 3866 1895 3922 196.
1929 3863 1964 3922 de
1995 3864 2069 3920 salsa

704 3948 763 4005 bae
778 3947 899 4023 Kepleri
925 3953 1070 4025 opinione,
1095 3950 1169 4009 haec
1192 3960 1368 4010 annotantes
1390 3951 1428 4008 ad
1452 3951 1649 4010 ercensendam
1665 3951 1843 4027 hypothesin
1858 3950 2068 4026 Kepleriauam

675 4093 682 4100 ,
707 4053 735 4112 p.
757 4041 834 4093 119:
861 4053 958 4110 ,error
973 4038 1046 4096 torte
1063 4038 1272 4097 condonandus
1289 4041 1362 4108 viro,
1388 4040 1437 4113 qui
1461 4057 1562 4113 parum
1587 4041 1743 4096 instructus
1767 4039 1861 4097 iuerat
1884 4040 2069 4097 observatio-

706 4124 797 4180 nibus
822 4122 945 4181 aliorum
969 4134 1201 4184 astronomorum
1225 4126 1473 4198 accuratioribus,
1497 4144 1591 4200 noque
1614 4128 1676 4200 ipse
1699 4127 1765 4201 plus
1790 4145 1876 4201 qnam
1902 4127 1946 4183 bis
1971 4142 2069 4182 comc-

706 4217 757 4268 tae
781 4219 892 4267 motum
913 4211 1069 4271 observare
1085 4221 1229 4288 potuerat.
1267 4213 1403 4271 Ceterum
1426 4213 1499 4271 haec
1523 4213 1694 4288 hypothesis
1718 4216 1909 4289 posteriorum
1934 4223 2070 4269 astrono-

707 4313 823 4355 morum
853 4297 1108 4358 observationibus
1138 4301 1466 4376 computationibusque
1497 4302 1644 4370 inserviit,
1677 4317 1770 4376 neque
1801 4304 1880 4376 prius
1911 4317 2010 4357 verum
2035 4299 2069 4357 de

708 4394 889 4442 cometarum
916 4395 997 4445 motu
1022 4386 1166 4461 judicium
1195 4389 1268 4446 terre
1298 4387 1396 4458 licuit,
1427 4405 1515 4462 quam
1538 4386 1567 4445 J.
1592 4387 1715 4445 Newton
1740 4406 1791 4459 ea,
1825 4406 1900 4462 quae
1925 4386 2068 4461 Keplerus

709 4471 774 4530 Soli
791 4469 975 4548 planetisque
993 4473 1204 4549 vindicaverat,
1228 4474 1316 4533 latins
1332 4483 1452 4550 patente
1467 4477 1584 4532 nomine
1600 4476 1734 4533 omnibus
1750 4475 1920 4552 corporibus
1938 4475 2067 4533 tribuit.“

817 4558 921 4632 Libris,
945 4577 1020 4636 quos
1043 4570 1199 4636 sequentes
1220 4564 1347 4637 paginae
1364 4561 1512 4632 exhibent,
1536 4571 1667 4620 cometae
1684 4562 1893 4632 deseribuntur,
1919 4562 1969 4636 qui
1986 4561 2070 4619 arnris

711 4645 793 4703 1607
821 4655 849 4703 11
876 4647 957 4705 1618
988 4658 1195 4724 apparuerunt.
1242 4649 1394 4707 Comatam
1426 4651 1493 4707 anni
1521 4655 1613 4708 1607.
1645 4648 1790 4724 Keplerus
1816 4652 1983 4726 germanico
2007 4665 2070 4706 ser·

706 4747 796 4791 mone
821 4731 973 4810 descripsit
995 4743 1131 4808 tractatu,
1155 4754 1242 4812 quom
1266 4738 1429 4812 inscripsit:
1456 4735 1677 4794 Arrshihrlicber
1700 4737 1817 4796 Berielrt
1835 4754 1892 4794 von
1908 4738 1973 4795 dcm
1989 4753 2069 4794 new-

706 4817 769 4877 lieh
800 4819 839 4876 im
863 4820 966 4881 Monet
987 4822 1150 4898 Septembri
1182 4823 1242 4881 rnd
1268 4821 1389 4882 Octobri
1419 4824 1478 4882 diss
1505 4828 1597 4882 1607.
1622 4821 1712 4882 Jahrs
1743 4825 1948 4883 erachienenen
1973 4823 2070 4881 Hear-

707 4916 788 4965 stern
822 4905 893 4966 oder
916 4908 1055 4968 Cometen
1080 4919 1134 4969 ete.
1180 4908 1251 4968 Hall
1278 4915 1377 4984 1608,
1410 4928 1535 4986 cunique
1562 4910 1652 4970 latine
1683 4929 1800 4969 versum
1822 4913 1974 4986 subjunxit
1996 4909 2070 4968 libro

707 4995 865 5069 inscripto:
897 4995 942 5055 De
971 5000 1092 5057 cometis
1122 4996 1215 5056 libelli
1238 4996 1295 5060 111.
1325 4999 1402 5075 Aug.
1427 4997 1517 5055 Vind.
1546 5004 1642 5070 1619,
1676 4998 1760 5073 cujus
1782 4998 1876 5057 libelli
1900 4998 1939 5060 ΙΙ.
1964 5006 1993 5057 11
2015 4996 2069 5055 111.

706 5098 819 5158 magna
841 5091 975 5159 exparte
993 5086 1141 5144 continent
1157 5102 1202 5156 ca,
1227 5102 1303 5160 quae
1319 5094 1460 5145 tractatus
1477 5085 1569 5144 habet
1583 5089 1775 5162 germanicus,
1800 5086 1945 5162 adjunctis
1964 5086 2069 5161 ,notia

707 5183 746 5230 ex
770 5178 878 5229 eventu
901 5172 1028 5247 petitis.“

817 5255 998 5335 Conspectus
1021 5276 1130 5333 eorum,
1155 5276 1232 5335 quae
1246 5260 1346 5319 iusum
1361 5259 1443 5319 libris
1460 5262 1551 5320 tribus
1569 5259 1605 5319 de
1623 5260 1763 5337 dometis,
1786 5259 1833 5316 hic
1849 5266 1903 5317 est.
1942 5258 2031 5317 Libro
2047 5259 2071 5320 1.

1813 5362 1863 5421 1}
