5575 6342
1316 793 1461 854 Praefatio.
2006 797 2070 869 321

733 975 788 1034 nibil
811 977 985 1055 promissum
1008 992 1073 1035 esse
1096 976 1124 1032 in
1149 974 1225 1033 tituli
1250 975 1347 1034 verbis
1363 974 1508 1051 allegatis,
1532 973 1610 1051 quod
1634 991 1692 1034 non
1718 976 1756 1033 sit
1778 976 1949 1052 praestitum
1972 979 2001 1034 in
2025 977 2070 1036 his

730 1064 807 1122 tribue
829 1064 1090 1142 propositionibus.
1136 1060 1221 1137 Quod
1245 1060 1314 1121 iero
1338 1062 1410 1140 pulli
1434 1062 1681 1122 arithmeticorum
1704 1061 1871 1140 implumes,
1895 1063 2069 1122 facilitatum

725 1151 810 1224 aridi,
842 1159 939 1210 rostra
961 1150 999 1209 ad
1023 1151 1099 1209 hano
1122 1167 1192 1209 usus
1214 1152 1389 1209 mentionem
1414 1151 1443 1207 in
1465 1153 1637 1211 immensum
1660 1151 1803 1229 pandunt,
1830 1151 1911 1211 velut
1932 1152 2070 1210 hausturi

723 1255 814 1296 omnes
847 1237 1168 1316 praeceptiuncularum
1192 1237 1409 1314 particularium
1434 1237 1525 1311 holos,
1550 1240 1657 1312 quibus
1674 1242 1859 1313 exsatientur,
1885 1237 1914 1297 id
1933 1238 2069 1315 equidem

688 1361 690 1364 -
721 1334 862 1402 praestare
877 1327 907 1383 in
929 1325 1037 1385 chartis
1054 1326 1127 1398 istis,
1151 1342 1227 1401 quae
1251 1325 1491 1384 demonstrationi
1515 1324 1766 1383 fundamentorum
1789 1335 1872 1385 erant
1894 1326 2067 1402 destinatae,
2182 1339 2187 1349 ·

718 1429 771 1471 non
797 1414 893 1490 potui.
939 1414 980 1471 At
1008 1411 1129 1483 dixeris,
1164 1415 1319 1486 sequentia
1352 1411 1443 1470 verba
1472 1410 1548 1468 tituli
1578 1409 1614 1470 de
1645 1427 1723 1469 nova
1745 1412 1928 1472 arithmetica
1952 1415 2071 1472 omnino

717 1499 796 1576 plura
836 1498 993 1577 polliceri?
1038 1498 1133 1558 Video
1167 1498 1303 1575 equidem
1338 1501 1518 1556 irritamenta
1555 1497 1745 1574 cupiditatum
1780 1499 1882 1557 talium
1917 1511 1946 1559 et
1978 1500 2070 1571 rideo,

716 1590 860 1663 mirorque
891 1602 949 1645 non
982 1585 1118 1645 incidisse
1147 1585 1234 1659 mihi,
1266 1603 1331 1644 oum
1353 1585 1452 1644 subito
1475 1583 1620 1644 tabellarii
1645 1585 1772 1644 discessu
1797 1585 1834 1643 ad
1857 1586 2070 1664 properandum

716 1673 884 1750 compulsus
906 1672 980 1732 illud
1003 1673 1130 1749 elogium
1151 1675 1262 1731 inventi
1279 1673 1445 1749 Neperiani‚
1470 1688 1527 1748 quo
1547 1672 1748 1750 typographus
1772 1673 1879 1749 aliquis
1903 1673 2069 1748 illiceretur,

716 1762 798 1820 titulo
831 1760 925 1820 libelli
954 1762 1012 1821 mei
1042 1760 1263 1836 subjungerem,
1297 1761 1357 1818 tore
1385 1767 1418 1818 ut
1441 1762 1469 1816 in
1492 1759 1588 1834 majus
1611 1762 1804 1837 acciperetur,
1838 1760 1928 1819 veluti
1952 1763 2070 1839 propria

715 1866 777 1908 mea
798 1847 950 1925 gloriatio.
988 1846 1047 1907 Sed
1068 1856 1215 1923 utcunque
1239 1849 1305 1923 quis
1328 1847 1384 1906 boe
1405 1865 1500 1906 meum
1524 1848 1677 1905 consilium
1701 1848 1833 1924 accipiat,
1859 1848 1894 1907 de
1909 1851 2070 1908 intentione

716 1935 817 1996 saltem
851 1952 899 1994 mc
927 1944 1049 1994 excusat
1078 1938 1253 1993 constructio
1283 1937 1482 2009 grammatica.
1528 1933 1593 1993 Non
1626 1934 1662 1994 de
1692 1934 1833 1994 Chiliadis
1861 1935 1980 2014 libello,
2011 1952 2071 1994 non

717 2023 749 2083 de
770 2041 840 2083 mea
862 2022 1111 2100 demonstratione
1135 2039 1204 2080 usus
1228 2021 1337 2080 dietum
1360 2022 1459 2095 vides,
1482 2022 1533 2080 sod
1557 2022 1593 2081 de
1618 2022 1812 2097 Logarithmis
1835 2024 1919 2098 ipsis,
1949 2024 2069 2082 invento

717 2110 826 2171 scilieet
841 2109 1021 2191 lleporiano,
1042 2109 1122 2193 quod
1137 2110 1174 2175 iis
1197 2126 1276 2167 nova
1296 2109 1429 2171 tradatur
1444 2109 1637 2171 arithmetica.
1674 2109 1736 2171 Nec
1749 2126 1805 2187 ego
1828 2110 1903 2169 haec
1916 2113 2070 2187 sequentia

718 2206 875 2274 praecepta
897 2196 934 2258 de
957 2214 1013 2255 usu
1028 2194 1175 2256 &rilindis
1197 2197 1286 2271 huius
1309 2198 1337 2253 ln
1360 2195 1390 2253 id
1412 2197 1611 2256 submittenda
1633 2195 1735 2256 libello
1753 2197 1816 2271 jam
1839 2213 1946 2256 excuso
1969 2199 2070 2270 statui,

719 2295 747 2344 nt
761 2285 840 2344 hane
862 2287 1054 2361 posteriorem
1072 2284 1149 2342 tituli
1171 2291 1283 2359 partem
1299 2285 1416 2359 penitus
1439 2284 1476 2342 ad
1491 2286 1585 2360 ipsam
1608 2301 1702 2343 meam
1719 2283 1852 2342 Chiliada
1875 2283 2069 2342 traducerem:

718 2379 886 2449 segregetur
915 2388 952 2432 ea
977 2389 1046 2448 pare
1076 2371 1154 2430 tituli
1183 2389 1202 2428 a
1230 2370 1331 2430 labore
1360 2388 1427 2431 meo
1455 2370 1551 2446 adque
1581 2373 1731 2429 inventum
1756 2373 1849 2447 ipsum
1873 2372 2071 2447 Neperiauum

720 2467 746 2519 et
773 2459 812 2520 ad
836 2475 980 2519 canonem
1003 2458 1259 2535 Logaritbmorum
1287 2457 1458 2533 quadrantis
1486 2458 1635 2519 releratur.
1679 2457 1745 2515 Non
1769 2458 1871 2516 titulus
1894 2461 1948 2518 iste
1972 2459 2070 2516 subito

722 2556 887 2635 conceptus,
910 2546 964 2606 sed
986 2545 1098 2605 utilitas
1120 2549 1185 2625 ipsa
1209 2548 1326 2605 emtoris
1350 2563 1395 2607 ure
1419 2554 1527 2625 monet,
1550 2552 1583 2604 ut
1606 2543 1753 2620 quomodo
1776 2545 1910 2621 singulae
1930 2544 2073 2605 chiliadis

721 2632 871 2695 columnae
900 2634 1015 2709 possint
1043 2632 1080 2692 ad
1108 2650 1193 2692 usum
1216 2631 1389 2710 popularem
1412 2633 1507 2692 referri
1532 2640 1561 2699 ct
1584 2638 1728 2708 quatenus
1755 2632 1888 2709 pauculis
1910 2635 2075 2709 praeceptis

722 2719 861 2782 docerem.
907 2720 952 2779 lla
980 2737 1051 2780 vero
1077 2720 1201 2780 reseram
1228 2723 1257 2777 in
1286 2728 1366 2780 certa
1397 2723 1503 2796 capita.
1547 2719 1582 2777 In
1612 2720 1705 2795 primo
1734 2718 1861 2797 paucula
1889 2722 2074 2795 praemittam

722 2807 753 2868 de
782 2808 888 2868 tabula
916 2807 1069 2866 Chiliadis.
1114 2808 1149 2866 ln
1180 2805 1339 2866 seeundum
1371 2818 1460 2885 caput
1488 2807 1610 2865 reseram
1641 2808 1889 2882 comparationem
1919 2807 2074 2865 columnae

722 2912 837 2955 uuum
865 2912 932 2955 cnm
965 2895 1101 2957 columna
1130 2893 1330 2953 rotundorum.
1375 2894 1475 2953 Tertio
1504 2893 1598 2953 dicam
1622 2892 1657 2952 de
1680 2897 1899 2970 comparatione
1922 2893 2074 2953 columnae

722 2982 864 3043 mendae
887 2984 1005 3041 dunum
1019 2999 1084 3041 eum
1108 2984 1195 3041 tertia
1211 2981 1464 3057 quadrivioeuaria
1487 2990 1516 3040 et
1538 2984 1641 3056 quinta
1663 2984 1921 3058 sexagesimorum.
1961 2980 2074 3056 Quarto

723 3070 897 3148 comparabo
929 3068 1212 3145 quadrivioenariam
1246 3087 1312 3129 cum
1343 3070 1542 3145 sexagenaria.
1587 3068 1621 3126 ln
1654 3072 1755 3145 quinto
1790 3071 1886 3145 eapite
1918 3071 1973 3127 erit
2004 3084 2075 3126 usus

724 3158 990 3233 quadriviceneriea
1006 3163 1036 3216 et
1051 3156 1271 3231 legarithmtcae
1291 3157 1490 3215 columnarum
1502 3155 1677 3231 junctarum.
1718 3157 1751 3215 ln
1767 3164 1851 3215 sexto
1867 3157 2075 3231 sexagenariae

725 3244 999 3321 ttlogsrithmieao.
1037 3243 1070 3302 ln
1094 3245 1218 3319 septimo
1242 3244 1458 3318 comparabitur
1473 3243 1609 3302 columna
1632 3247 1725 3321 prima
1748 3260 1866 3303 arcuum
1890 3258 1955 3301 cum
1971 3250 2075 3318 quarta

725 3329 983 3409 bogaritbmorum.
1021 3331 1055 3389 ln
1076 3339 1182 3390 octavo
1203 3330 1361 3406 jungentur
1384 3331 1520 3390 columna
1541 3330 1671 3390 secunda
1691 3330 1891 3390 absolutorum
1916 3337 1945 3389 et
1965 3337 2074 3405 quarta

725 3416 982 3497 bogarithmorum.
1028 3417 1063 3479 Iu
1092 3435 1171 3483 nouo
1201 3418 1327 3494 danique
1355 3418 1491 3489 columna
1514 3417 1770 3496 Logarithmorum
1796 3420 1936 3495 iungetur
1958 3417 2072 3477 duabus

726 3505 782 3566 aliis
803 3507 957 3569 columnis.
