5575 6342
715 757 781 828 302
1122 758 1154 813 ln
1171 757 1270 814 hirom
1287 756 1400 830 Koplari
1418 757 1452 815 do
1470 758 1655 829 Logarithmir

715 930 839 987 continet
857 930 910 989 700
927 938 956 987 et
973 930 1056 1003 panio
1074 932 1168 1003 plnres
1185 932 1385 1003 legarithmos),
1405 941 1494 989 ortum
1512 942 1555 990 est
1572 949 1670 990 nomen
1685 933 1993 992 maroam.
2020 935 2073 991 iim

713 1008 822 1064 tabulas
840 1010 1000 1066 Bartschius
1019 1010 1069 1065 sub
1088 1012 1251 1067 auctoritate
1269 1014 1358 1067 soceri
1375 1013 1418 1067 aui
1433 1012 1546 1083 lteplari
1562 1013 1591 1068 in
1609 1013 1723 1068 formam
1742 1010 1896 1067 mmuaism
1916 1018 1946 1069 ot
1963 1028 2074 1069 oom-

715 1088 777 1143 dam
796 1095 950 1157 compactas
970 1088 1070 1156 Sagani
1087 1091 1160 1160 typis
1178 1104 1293 1146 excussa
1312 1089 1402 1145 emisit
1419 1092 1498 1145 annis
1517 1092 1632 1147 leuues
1649 1092 1692 1147 31.
1730 1086 1786 1143 Sub
1811 1087 1884 1143 ldem
1903 1097 2015 1161 tompus
2032 1107 2074 1147 ex·

713 1167 776 1222 cudi
794 1167 860 1223 iecit
877 1168 957 1223 etiarn
975 1166 1129 1222 tabularum
1147 1169 1295 1224 eorundem
1313 1178 1419 1237 purtem
1437 1168 1525 1224 forma
1543 1169 1639 1237 majori
1657 1178 1685 1223 ct
1702 1168 1738 1222 ad
1755 1166 1831 1235 ipssa
1850 1168 1919 1223 usu.
1939 1167 2011 1225 liud.
2034 1186 2075 1226 ao·

714 1245 892 1301 commodata.
928 1247 995 1301 Cum
1014 1245 1067 1301 hoc
1085 1245 1165 1300 modo
1184 1259 1283 1314 operae
1300 1243 1514 1314 typographicae
1533 1244 1632 1313 tingani
1650 1252 1744 1298 essent
1762 1253 1925 1317 occupatae,
1944 1246 2076 1319 Keplerns

713 1323 779 1379 inde
797 1323 974 1379 Rutisbonam
993 1339 1089 1379 versus
1107 1323 1246 1391 discessit3
1265 1337 1319 1389 quo
1337 1338 1400 1377 oum
1418 1320 1571 1391 appulisset
1585 1324 1716 1392 postridie
1730 1322 1785 1377 Cal.
1798 1323 1868 1379 lior.
1885 1324 1979 1381 minus
1996 1324 2076 1382 ilrmis

714 1404 817 1459 viribus
835 1403 966 1472 corporis,
985 1410 1013 1457 at
1033 1402 1168 1458 diuturnis
1186 1400 1338 1457 studiorum
1356 1400 1456 1469 sigiliis
1474 1416 1656 1469 curarumque
1674 1400 1813 1471 molestiis,
1833 1409 1863 1459 et
1879 1403 1980 1460 itinere
1998 1403 2076 1474 longo

715 1482 864 1552 defatigati,
882 1479 965 1550 paulo
983 1488 1047 1551 post
1066 1482 1160 1537 morbo
1179 1488 1259 1536 acuto
1278 1478 1422 1534 infestatus
1440 1479 1483 1534 die
1497 1482 1567 1544 0110.
1580 1480 1648 1533 Nor.
1665 1479 1742 1534 1630.
1759 1479 1832 1535 eires
1843 1480 1986 1537 meridiem
1999 1482 2075 1537 sitam

714 1577 776 1617 cum
794 1569 881 1616 morte
899 1559 1081 1615 commutarit.
1110 1561 1175 1629 Ipse
1192 1573 1301 1628 quoque
1320 1558 1482 1614 Bartschius
1499 1574 1555 1613 non
1573 1558 1642 1613 adco
1660 1556 1746 1613 multo
1765 1567 1829 1627 post
1848 1558 1955 1615 ohitum
1966 1560 2075 1629 Kepleri

715 1648 848 1709 tempore,
867 1645 954 1709 peste,
973 1652 1043 1708 quse
1060 1645 1119 1692 tum
1137 1655 1200 1694 oras
1218 1638 1286 1693 istas
1304 1637 1438 1703 vastabat,
1458 1646 1599 1705 correptus
1617 1637 1728 1704 interiit,
1746 1646 1894 1706 postquam
1913 1636 2000 1708 paulo
2017 1646 2075 1694 ante

714 1718 942 1788 Argentoratum,
970 1724 1000 1772 ut
1023 1716 1157 1771 mathesin
1181 1715 1290 1786 publice
1312 1716 1412 1771 ibidem
1435 1714 1558 1782 doceret,
1587 1714 1677 1768 iuerat
1695 1724 1815 1771 recatus.
1853 1714 1928 1771 Hlno
1945 1717 2075 1773 tetriore

713 1812 807 1851 eorum
826 1794 961 1866 supellex,
988 1810 1059 1866 quse
1077 1794 1199 1864 perlecta
1217 1802 1303 1865 erant,
1332 1794 1375 1848 rel
1394 1794 1500 1863 direpta
1518 1792 1561 1849 rel
1580 1792 1703 1861 dispersa
1720 1792 1780 1861 init,
1798 1807 1850 1847 nec
1867 1793 1925 1848 nisi
1941 1808 2074 1864 perpauca

712 1882 819 1929 tantum
838 1873 1005 1943 exemplaria
1023 1886 1038 1927 a
1056 1870 1198 1940 naufragio
1211 1871 1264 1926 hoe
1277 1886 1396 1926 evasere.
1427 1868 1604 1924 Rarissimum
1618 1869 1710 1938 itaque
1723 1868 1819 1925 hnrnm
1832 1870 1992 1929 tabularum
2004 1890 2073 1944 usus,

715 1966 786 2021 quae
804 1951 886 2007 etiam
904 1967 1012 2007 omnem
1029 1953 1087 2009 iere
1105 1960 1323 2009 astronomorum
1341 1952 1464 2008 notitiam
1483 1950 1650 2021 effugerunt3
1669 1968 1732 2007 num
1744 1951 1772 2006 in
1785 1951 1865 2008 editis
1879 1954 1993 2025 scriptis
2006 1956 2073 2010 solru

714 2029 843 2085 Herelius
861 2038 889 2085 et
902 2031 1037 2098 Crttgerns
1055 2048 1149 2087 earum
1167 2032 1330 2086 mentionem
1348 2030 1480 2085 iecerunt
1512 2030 1623 2099 crugeri
1644 2028 1783 2101 exemplar
1794 2030 1921 2087 Dantisoi
1940 2034 1995 2089 sihi
2009 2049 2072 2089 com·

714 2109 821 2179 pararit
837 2109 927 2164 Julius
941 2109 1077 2172 Reiohelt,
1095 2109 1123 2163 in
1141 2109 1281 2164 academia
1292 2106 1518 2176 Argentoratensi
1536 2107 1731 2162 mothemoturn
1749 2107 1899 2177 professor.
1931 2110 1994 2165 Hoc
2006 2117 2073 2179 post·

716 2204 797 2256 quam
815 2203 918 2243 mecum
935 2188 1167 2251 communicasset,
1187 2187 1278 2242 atstim
1288 2186 1418 2256 judicari,
1436 2186 1663 2255 operaepretium
1676 2185 1743 2255 fore,
1762 2184 1908 2243 silibellus
1920 2189 1957 2244 sh
1970 2186 2072 2243 interito

717 2266 869 2322 vindicetur
886 2281 1011 2335 novaque
1029 2266 1089 2334 ejus
1107 2265 1190 2321 editio
1209 2265 1357 2320 adornetur
1376 2307 1383 2321 .
1403 2304 1411 2319 .
1431 2304 1438 2319 .
1457 2304 1463 2317 .

820 2357 918 2432 Liber,
942 2358 978 2418 de
994 2376 1053 2435 quo
1069 2358 1221 2435 hueusque
1235 2356 1495 2430 Eiscnscbmidius‚
1511 2354 1620 2433 prodiit
1635 2355 1735 2428 torma,
1753 2372 1842 2433 quam
1859 2365 1973 2417 vocant
1991 2364 2068 2417 16³⁸.

715 2444 896 2522 Logarithmi
920 2447 966 2505 bio
989 2448 1093 2507 iterum
1115 2446 1200 2505 aliter
1223 2461 1311 2522 quam
1334 2446 1363 2502 in
1386 2444 1495 2505 tabulis
1519 2443 1665 2518 prioribus
1688 2442 1814 2503 ordinati
1836 2452 1923 2519 suut,
1956 2444 1997 2503 sd
2020 2461 2070 2503 nu·

715 2550 810 2593 meros
832 2551 873 2594 sc.
898 2536 1074 2593 minutorum
1096 2544 1126 2593 ot
1148 2532 1292 2609 gradwm
1316 2550 1334 2590 a
1356 2528 1397 2590 0“
1420 2530 1458 2591 ad
1482 2528 1559 2590 dena
1581 2547 1716 2607 quaeque
1738 2529 1885 2606 secunda,
1909 2532 1968 2591 suh
1990 2531 2070 2592 linem

714 2621 752 2680 od
776 2623 825 2700 15,
849 2623 891 2680 20
906 2630 958 2680 aut
974 2624 1037 2681 30“
1059 2638 1092 2682 se
1115 2621 1372 2698 subsequentium
1394 2619 1451 2679 hoc
1473 2626 1596 2696 excepto
1620 2626 1649 2677 et
1672 2635 1717 2691 eo,
1741 2617 1820 2694 quod
1843 2618 2017 2695 legaritbmi
2036 2618 2071 2678 sd

717 2712 868 2787 pauciores
890 2708 1063 2785 Neperisnia
1086 2708 1195 2785 figuras
1217 2715 1427 2785 proponuntur,
1451 2705 1524 2764 nihil
1547 2705 1683 2765 differunt
1705 2705 1761 2765 hae
1783 2704 1905 2767 tabulae
1927 2724 1948 2765 a
1970 2706 2071 2785 Nepai

717 2798 857 2872 ,Uarrone
879 2794 1032 2857 mirilico.“

819 2880 854 2939 In
878 2881 1061 2955 chiliade,
1095 2882 1137 2941 uti
1166 2882 1275 2941 dictum
1304 2889 1364 2955 est,
1393 2880 1583 2941 fundamento
1606 2888 1675 2939 sunt
1696 2881 1808 2939 numeri
1830 2878 1965 2940 absoluti
1987 2888 2017 2940 et
2036 2879 2070 2939 ad

715 2968 770 3029 hos
799 2986 834 3027 ex
866 2969 974 3028 tabulis
1002 2971 1119 3029 sinuum
1148 2968 1273 3028 desumti
1302 2985 1386 3027 arcus
1415 2969 1524 3028 circuli.
1570 2966 1606 3026 V.
1632 2984 1656 3027 e.
1680 2983 1818 3026 numerus
1843 2968 2010 3030 ’1330000
2031 2978 2071 3027 est

715 3060 799 3116 sinus
822 3072 908 3115 arcus
925 3054 982 3114 47⁰
997 3053 1027 3117 8¹
1044 3056 1115 3123 20‘2
1139 3059 1189 3131 qui
1212 3073 1297 3115 arcus
1320 3060 1473 3131 appositus
1496 3064 1541 3114 est
1562 3054 1607 3111 illl
1629 3070 1749 3113 numero
1773 3055 1801 3111 iu
1818 3056 1914 3130 prima
1929 3052 2068 3127 columna,

716 3145 888 3219 interposita
909 3162 928 3201 o
950 3144 1037 3204 nobis
1066 3142 1203 3203 columna
1231 3142 1466 3203 differentiarum.
1512 3142 1611 3201 Tertia
1638 3141 1775 3200 columna
1804 3136 1924 3221 (nostra
1954 3136 2068 3222 quarta]

716 3231 836 3290 exhibet
861 3240 978 3308 „partos
1002 3233 1155 3289 vicesimas
1174 3232 1323 3308 quurtas,“
1349 3247 1425 3305 quae
1441 3230 1496 3290 huo
1511 3230 1624 3289 rationo
1641 3237 1863 3306 computantur:
1887 3228 1979 3289 Sinus
1993 3246 2070 3289 motu

716 3319 774 3377 41υ
796 3315 826 3377 8¹
843 3319 904 3377 20‘¹
929 3343 965 3369 =
994 3323 1152 3378 1330000
1177 3327 1362 3394 computatus
1384 3327 1430 3377 est
1453 3318 1491 3377 ad
1513 3315 1626 3377 radium
1649 3338 1692 3369 =
1718 3320 1921 3393 tuouuuuu,
1946 3326 2068 3377 cassumto

715 3454 798 3516 radio
825 3480 860 3506 =
888 3458 938 3530 24,
963 3456 1059 3535 prodit
1082 3474 1218 3517 numerus
1240 3454 1310 3516 huic
1332 3456 1414 3516 radio
1437 3453 1615 3535 respondeus
1641 3478 1677 3505 =
1708 3403 1864 3568 -Ἢὲ-
1884 3478 1922 3507 =
1952 3457 2070 3531 17391,

722 3596 778 3664 vel,
801 3596 942 3657 fractione
967 3595 1100 3657 decimali
1125 3613 1268 3656 conversa
1290 3598 1318 3653 in
1342 3605 1439 3674 partes
1462 3597 1690 3672 sexagesimales
1707 3622 1743 3649 =
1766 3594 1981 3665 1ῖ.35’53”,
2001 3610 2069 3671 qus·

717 3684 774 3744 lem
798 3683 935 3744 columna
958 3693 1057 3744 nostra
1078 3695 1181 3760 qrrarta
1198 3684 1296 3742 habet.
1335 3682 1474 3742 Similiter
1493 3696 1609 3760 ,partes
1623 3686 1852 3759 sexageurrriae“
1871 3691 2070 3758 computantur

717 3780 849 3832 assumto
877 3772 959 3831 radio
987 3796 1023 3821 =
1051 3773 1091 3831 60
1114 3772 1301 3848 proportione
1332 3772 1489 3830 10000οε
1517 3773 1556 3830 60
1582 3796 1619 3823 :s
1648 3773 1753 3830 73300
1777 3789 1785 3834 ;
1809 3788 1845 3845 ¹3
1869 3788 1888 3827 x
1916 3793 1954 3820 =
1982 3768 2067 3844 4398

720 3884 757 3913 =
786 3859 836 3920 tu‘
862 3858 923 3920 itin
949 3858 1031 3931 48“',
1055 3876 1107 3936 pro
1132 3859 1192 3918 bitu
1216 3859 1290 3915 48“‘
1313 3861 1396 3933 ponit
1418 3858 1564 3935 Keplerus
1589 3860 1659 3917 59¹¹.
1706 3859 1859 3934 (Causam,
1885 3873 1939 3915 our
1962 3874 2069 3916 assum

718 3949 789 4005 serit
812 3965 947 4006 numeros
964 3950 1005 4005 24
1020 3953 1051 4004 et
1066 3948 1107 4005 60
1131 3946 1201 4004 dicit
1216 3944 1371 4022 Keplerns,
1395 3945 1475 4020 quod
1499 3945 1638 4004 diameter
1652 3945 1730 4005 Solis
1752 3945 1799 4003 vel
1814 3944 1918 4003 itunae
1935 3946 1964 4001 iu
1979 3951 2069 4020 partes

722 4037 759 4090 12
785 4033 932 4092 dividatur
954 4043 983 4093 et
1006 4032 1085 4110 quod
1108 4033 1278 4092 Ptolemaeo
1309 4032 1435 4108 aliisque
1466 4035 1641 4091 astronomis
1664 4032 1879 4093 semidiameter
1903 4030 2002 4091 valeat
2024 4027 2069 4089 ⁶0¹

719 4122 748 4177 in
773 4121 949 4180 indicatione
971 4122 1167 4199 proportionis
1192 4120 1330 4193 orbium.)

822 4207 856 4265 In
881 4207 1003 4266 Tabulis
1027 4206 1222 4285 Rudolplrinis
1244 4210 1308 4266 vioe
1332 4222 1417 4264 roras
1441 4221 1492 4282 pro
1515 4204 1704 4265 lundamento
1727 4215 1874 4283 ponuntur
1897 4206 2011 4265 numeri
2029 4178 2066 4261 bo

720 4293 767 4352 rel
793 4300 843 4354 ai.
889 4294 955 4353 Sint
979 4314 1006 4352 v.
1032 4312 1056 4353 c.
1079 4294 1166 4353 datae
1189 4302 1286 4371 partes
1309 4292 1536 4367 sexagesinmles
1560 4295 1621 4366 44⁴,
1651 4294 1748 4370 prodit
1777 4294 1857 4352 sinus
1885 4310 1974 4353 arcus
1995 4290 2067 4351 radio

723 4382 848 4441 100000
872 4381 1009 4458 descripti
1032 4384 1220 4459 proportione
1244 4384 1284 4442 00
1308 4401 1315 4439 :
1341 4386 1468 4440 100000
1496 4404 1531 4429 =
1558 4382 1599 4439 44
1623 4399 1631 4438 r
1655 4398 1691 4456 ¹3
1714 4399 1732 4439 x
1758 4404 1798 4435 =
1825 4382 1933 4440 73333
1961 4402 1997 4429 =
2020 4380 2066 4438 siu

719 4462 803 4527 moui
819 4466 941 4529 41010
957 4474 1015 4541 (etr.
1035 4476 1146 4524 ueniam
1163 4475 1380 4539 Ruoolphtnaron
1398 4475 1442 4524 tot.
1463 4476 1500 4535 9).
1531 4466 1618 4528 Datis
1634 4485 1703 4528 nero
1720 4468 1822 4527 iisdem
1837 4468 1974 4545 partibus
1988 4482 2066 4526 sexa·

718 4606 917 4685 gesimalibus,
940 4626 1016 4686 quae
1040 4625 1129 4686 supra
1152 4607 1329 4685 prodierunt,
1353 4606 1721 4685 susspiciosum:
1734 4556 1893 4720 Ψ
1911 4632 1948 4659 =
1969 4610 2063 4669 13300

720 4824 758 4854 .-.
783 4802 838 4861 sin.
868 4819 925 4861 are.
951 4798 1007 4860 470
1032 4802 1061 4861 8‘
1085 4800 1156 4863 201¹.
1202 4800 1252 4860 Sic
1282 4810 1413 4860 assumto
1446 4816 1566 4861 numero
1596 4803 1652 4865 it.
1685 4800 1780 4877 prodit
1811 4802 1895 4861 sinus
1919 4748 2064 4913 Ε-ἒῗ-ο-θ

720 4982 759 4995 -
786 4944 1208 5104 7alanggarlitthrsrruipr'll'bbularutn
1231 5025 1484 5105 Rudolpirinarum
1512 5038 1675 5103 congruunt
1698 5026 1818 5103 qrridem
1842 5044 1910 5088 cum
1934 5024 2063 5107 logatith·

720 5114 774 5175 tuis
799 5114 956 5187 Chiliadis,
985 5117 1055 5192 quia
1077 5134 1146 5176 vere
1171 5117 1229 5175 illie
1251 5115 1301 5174 alii
1324 5118 1405 5174 sinus
1428 5116 1554 5188 (numeri
1578 5115 1721 5189 absoluti)
1743 5133 1780 5175 ax
1803 5117 1934 5177 arcubus
1955 5130 2064 5191 eompu-

719 5210 818 5264 tantur
842 5202 966 5265 dirersis
987 5204 1026 5263 ab
1050 5202 1108 5264 illis
1131 5203 1285 5279 chiliadis,
1313 5201 1420 5281 singuli
1448 5202 1616 5279 logsrithmi
1638 5202 1781 5264 chiliadis
1804 5220 1865 5265 non
1888 5206 2064 5267 inveniuntur
