5575 6342
1283 799 1325 853 De
1343 796 1471 853 Cernetis.
2014 793 2055 860 13

736 976 812 1035 neeis
830 981 977 1050 spectatur
998 976 1027 1032 in
1050 978 1171 1051 aspectu
1194 979 1225 1032 et
1245 977 1368 1035 materia
1390 982 1470 1050 apta,
1495 972 1591 1049 qualis
1614 979 1659 1032 est
1672 970 1784 1045 Tellus,
1808 988 1866 1029 non
1888 987 1958 1030 vero
1974 969 2057 1029 locus

737 1071 811 1122 adue.
846 1061 905 1120 Sed
926 1063 980 1133 uis,
1005 1064 1054 1139 qui
1078 1069 1159 1120 estre
1181 1062 1280 1120 mundi
1304 1071 1433 1122 centrum
1458 1062 1682 1134 conformantur,
1706 1076 1757 1119 eos
1780 1076 1844 1119 esse
1866 1057 2057 1136 particulares

737 1151 839 1225 ideoque
852 1148 1018 1209 debiliores.
1062 1148 1145 1225 Nego
1169 1149 1231 1222 tibi,
1255 1148 1437 1209 universales
1461 1165 1542 1222 esse,
1567 1149 1616 1224 qui
1640 1150 1669 1205 in
1692 1146 1794 1206 mundi
1819 1155 1917 1206 centm
1941 1148 2056 1207 sciunt.
2105 1194 2111 1203 .

736 1237 788 1295 ham
812 1246 945 1312 aspectus
974 1236 1081 1312 aliquis
1111 1238 1140 1292 in
1171 1253 1229 1295 uno
1259 1236 1324 1296 solo
1351 1234 1453 1296 mnndi
1479 1244 1588 1312 puncto
1610 1246 1672 1308 est,
1702 1237 1731 1292 in
1754 1233 1820 1294 aliis
1843 1235 1958 1311 punctis
1981 1234 2057 1293 alius

736 1331 798 1400 atqm
817 1322 890 1383 alius
912 1324 944 1381 tit
966 1333 1113 1400 aspectus,
1137 1339 1236 1383 omnes
1259 1327 1359 1401 itaque
1382 1332 1519 1400 aspectus
1541 1331 1610 1382 aunt
1631 1321 1832 1399 particulares.

809 1410 965 1482 Divinasti,
988 1410 1141 1487 theologos
1157 1410 1297 1470 offensum
1314 1414 1365 1470 iri:
1389 1414 1613 1470 intercesserunt
1636 1412 1722 1483 enim,
1747 1426 1784 1469 ne
1804 1407 1921 1468 libellus
1937 1407 2057 1484 Lipsiae

739 1499 927 1573 imprimeretur,
951 1497 1134 1557 benennam
1158 1498 1195 1556 ob
1219 1498 1381 1558 clausulam
1406 1498 1442 1557 de
1465 1501 1611 1557 creatione
1634 1497 1797 1574 spirituum.
1836 1495 1951 1556 Mutavi
1968 1498 2056 1572 igitur

740 1587 834 1659 rigorem
855 1588 884 1642 in
908 1585 1010 1645 latino.
1057 1586 1097 1644 At
1126 1601 1184 1643 non
1217 1586 1301 1646 valde
1325 1585 1452 1646 absurda
1474 1593 1519 1645 est
1540 1603 1608 1644 mea
1629 1586 1789 1644 sententia:
1821 1584 1850 1640 in
1874 1585 1952 1643 omni
1975 1600 2058 1653 crea·

737 1682 792 1744 tun,
817 1674 903 1731 eiiam
926 1673 956 1730 in
979 1673 1099 1749 spiritu,
1130 1672 1188 1732 duo
1211 1682 1328 1749 specto,
1357 1673 1487 1749 aliquid,
1517 1671 1596 1748 quod
1619 1679 1665 1732 est
1686 1674 1777 1732 instar
1799 1675 1953 1745 materiae,
1977 1669 2056 1746 quod

737 1766 786 1835 puto
807 1776 867 1818 esse
897 1760 1119 1818 subtilissimum
1148 1777 1253 1837 corpus
1281 1761 1465 1833 aethereum,
1495 1759 1622 1836 aliquid,
1655 1759 1734 1836 quod
1758 1768 1802 1818 est
1825 1761 1916 1817 instar
1937 1759 2056 1831 formae,

738 1845 792 1919 qued
810 1856 879 1922 puto
904 1865 968 1907 esee
990 1848 1103 1906 radium
1128 1848 1226 1906 vultus
1250 1846 1351 1920 elluini,
1375 1855 1408 1906 ut
1430 1848 1535 1924 loquar
1557 1847 1727 1926 symbolice.
1766 1846 1841 1905 Nam
1864 1853 1897 1904 ut
1919 1845 1998 1906 idem
2021 1862 2057 1904 ex

737 1931 784 1992 Sole
807 1935 902 1993 radius
934 1934 1075 1994 viridibus
1105 1934 1226 1994 viridem
1253 1934 1380 1995 colorem
1409 1935 1559 2007 conciliat,
1590 1936 1685 1994 rubris
1714 1935 1849 2008 rubrum,
1881 1936 1923 1994 slc
1951 1936 2056 2010 cuique

737 2021 844 2081 nateriue
873 2039 976 2081 suum:
1006 2024 1065 2096 sic,
1098 2023 1149 2082 ubi
1176 2026 1315 2082 materiae
1342 2041 1438 2082 rerum
1461 2022 1594 2099 adeoque
1618 2032 1647 2082 et
1669 2025 1825 2098 spirituum
1847 2028 1968 2098 aptatae
1990 2027 2058 2080 suut

735 2111 837 2182 potentin
858 2109 915 2169 Dei
939 2109 977 2168 ad
1000 2110 1128 2169 futurum
1151 2126 1239 2185 opus,
1269 2109 1400 2169 incidens
1428 2113 1457 2168 in
1486 2129 1535 2170 eas
1563 2109 1662 2169 radius
1686 2109 1783 2168 vultus
1807 2111 1900 2168 divini
1923 2109 1973 2167 dat
1998 2108 2057 2166 lllis

735 2196 800 2252 vitam
828 2202 855 2255 et
883 2199 1042 2270 rationem,
1072 2214 1148 2272 quae
1177 2207 1221 2257 est
1250 2197 1409 2257 secuudum
1433 2216 1516 2258 suam
1541 2197 1760 2274 dispositionem
1784 2203 1814 2256 et
1838 2214 1914 2273 quae
1937 2199 1993 2255 scit
2014 2198 2056 2254 uti

733 2285 828 2341 materia
849 2282 992 2360 disposita
1014 2284 1173 2343 secundum
1197 2284 1417 2359 dispositionem
1441 2303 1533 2344 suam.
1567 2285 1617 2345 Sic
1639 2283 1738 2344 radius
1762 2285 1861 2344 vultus
1885 2283 1986 2356 divini,
2011 2285 2058 2340 in·

734 2367 807 2428 ridens
827 2372 854 2427 in
878 2372 1033 2430 formatum
1057 2383 1087 2430 et
1109 2373 1357 2432 absolutissimum
1381 2390 1487 2450 corpus
1512 2371 1631 2446 adami,
1662 2375 1761 2432 statim
1790 2371 1953 2431 vivificavit
1974 2370 2056 2444 illud,

733 2463 755 2512 ut
771 2459 876 2532 spiritus
900 2458 1066 2517 insufflatus
1089 2462 1176 2519 sciret
1198 2462 1240 2518 uti
1265 2461 1400 2520 omnibus
1421 2462 1569 2521 membris.
1614 2458 1698 2535 Quae
1721 2460 1769 2519 hic
1785 2458 1867 2519 vides
1883 2461 2057 2534 incorpore,

733 2542 809 2603 eadem
832 2549 928 2622 cogito
952 2564 1006 2623 ego
1030 2545 1065 2606 de
1088 2549 1208 2623 spiritus
1232 2550 1323 2624 ipsius
1345 2551 1479 2608 materia.
1523 2548 1629 2623 ltaque
1658 2565 1715 2606 nun
1746 2555 1833 2623 puto,
1864 2548 1999 2623 spiritum
2022 2563 2058 2606 ex

731 2629 799 2691 nihilo
818 2633 947 2709 produci,
971 2632 1021 2692 sed
1045 2651 1080 2692 ex
1103 2636 1225 2694 materie
1247 2635 1330 2707 coeli,
1355 2644 1384 2695 et
1407 2636 1474 2695 inde
1496 2635 1635 2694 illustrari
1651 2643 1680 2694 et
1696 2634 1844 2694 informari
1860 2633 1942 2692 radio
1959 2633 2058 2693 voltus

733 2715 809 2793 divini,
832 2724 891 2796 qui,
914 2722 965 2780 ubi
988 2724 1110 2781 materia
1132 2724 1290 2794 evanescit,
1315 2721 1430 2782 desinat
1452 2741 1516 2784 esse
1534 2721 1655 2798 aliquod
1669 2727 1737 2783 rode
1752 2745 1787 2795 ri,
1812 2720 2058 2798 quemadmodum

731 2806 788 2865 nube
812 2816 1003 2869 evanescente
1031 2808 1131 2869 rudius
1154 2808 1246 2883 Solis,
1280 2812 1329 2886 qui
1360 2810 1440 2869 illam
1468 2813 1548 2888 prius
1576 2810 1789 2883 illustraverat,
1820 2824 1879 2868 nou
1903 2817 2000 2868 manet
2021 2825 2057 2868 eo

730 2888 792 2967 loco,
812 2912 864 2954 uec
886 2904 983 2956 tamen
1006 2899 1127 2973 periisse
1150 2898 1206 2956 dici
1230 2905 1342 2974 potest,
1373 2900 1469 2975 pergit
1497 2901 1575 2957 enim
1598 2896 1733 2970 ulterius,
1767 2896 1860 2956 donec
1883 2895 1964 2955 aliud
1987 2896 2057 2973 quid

732 2991 845 3040 imurrat

809 3069 1009 3128 Brenggerns
1027 3071 1054 3118 ln
1072 3072 1235 3133 responsione
1253 3084 1298 3118 sua
1315 3070 1349 3128 (d.
1369 3073 1394 3121 8.
1414 3069 1469 3124 (lul.
1487 3070 1547 3121 Juu.
1569 3072 1649 3134 1698,
1675 3084 1739 3135 quae
1763 3067 1855 3119 ultima
1880 3076 1918 3118 est
1936 3071 2058 3132 epistola-

733 3147 771 3182 rum
785 3137 850 3187 illius
868 3146 893 3186 et
912 3137 1023 3203 Kepleri,
1042 3154 1106 3203 quae
1125 3144 1245 3203 superest)
1263 3141 1293 3188 de
1312 3143 1417 3190 cometis
1436 3153 1487 3191 non
1507 3141 1612 3189 ulterius
1630 3141 1690 3201 agit.
1728 3140 1847 3202 Superest
1865 3137 1984 3188 schedula
2001 3146 2058 3189 tau-

730 3210 775 3268 tum,
791 3211 827 3257 rui
844 3209 977 3269 adscripsit
989 3210 1123 3271 lieplerus:
1143 3224 1177 3262 ex
1194 3208 1282 3261 literis
1299 3207 1336 3260 D.
1349 3207 1396 3262 J0.
1413 3208 1509 3278 Georp.
1524 3207 1683 3278 Brenppert',
1701 3212 1727 3258 ln
1748 3224 1800 3275 qne
1812 3211 1894 3275 refert,
1913 3213 2059 3273 apparuisse

731 3273 867 3327 ciirinv.
886 3281 976 3337 (annus
995 3293 1044 3328 nun
1063 3280 1203 3341 adscriptus
1223 3285 1268 3337 est)
1287 3293 1380 3331 casana
1398 3279 1500 3344 flumen,
1519 3281 1587 3344 quod
1607 3283 1702 3343 dicunt,
1723 3281 1934 3344 septentrionale).
1964 3281 2058 3329 Badies

730 3341 787 3395 blase
801 3349 1012 3413 sanguinolentus,
1031 3364 1116 3398 versus
1134 3364 1257 3399 summum
1277 3352 1341 3398 coeli
1359 3357 1514 3411 assurgentes
1527 3351 1561 3399 ad
1573 3365 1650 3399 uuum
1665 3356 1797 3412 punctum.
1827 3351 1868 3399 Ad
1880 3351 1940 3400 haec
1953 3355 2059 3399 annotat

730 3412 844 3477 llepiems:
872 3432 921 3470 cur
943 3413 1086 3470 videantur
1108 3416 1143 3470 ad
1162 3434 1245 3472 unum
1262 3424 1393 3486 punctum
1411 3416 1518 3486 colligi,
1542 3422 1686 3472 causaest
1704 3416 1820 3472 altitudo
1837 3418 1866 3471 in
1884 3416 1957 3472 linea
1975 3424 2058 3486 recta,

729 3484 791 3537 utin
810 3492 901 3555 puteo.
939 3488 979 3535 Ad
1004 3488 1189 3539 conclusionem
1213 3489 1356 3539 schedulae:
1388 3492 1483 3540 »habeo
1511 3492 1634 3553 quaedam
1661 3492 1691 3540 de
1718 3489 1885 3554 parallaaium
1909 3493 2007 3540 ratione
2030 3492 2058 3539 iu

729 3560 809 3605 cunetis
827 3557 925 3606 stallis
944 3560 1060 3607 metensis
1079 3560 1358 3609 observandacertiura
1376 3565 1401 3608 et
1420 3562 1600 3627 exquisitiora,
1625 3575 1699 3625 quam
1725 3575 1789 3623 quae
1813 3561 1932 3610 hacteuus
1952 3563 1982 3609 ub
2001 3558 2058 3609 allia

729 3625 799 3674 tradita
821 3630 886 3693 vidi3
912 3628 943 3676 de
965 3630 998 3676 ila
1023 3628 1073 3677 allo
1092 3630 1204 3679 fortassis
1223 3636 1333 3691 tempore
1352 3633 1469 3681 scribam.
1506 3632 1560 3692 Ego
1578 3632 1726 3692 astrologiae
1746 3632 1778 3680 ob
1797 3632 1999 3693 praedictionum
2016 3630 2058 3679 lu·

729 3698 879 3746 tabitudinem
894 3701 949 3758 J'sm
968 3698 1061 3747 dudum
1080 3699 1217 3761 valedixi«,
1240 3700 1361 3763 lieplerns
1380 3703 1441 3749 haec
1459 3707 1577 3750 annotat:
1605 3697 1678 3766 quod
1696 3696 1839 3767 valedixit,
1865 3714 1943 3753 nemo
1961 3712 2057 3766 repre-

728 3767 812 3840 hendit;
837 3774 864 3827 in
889 3789 973 3828 causa
996 3783 1087 3829 tamen
1109 3776 1203 3831 vitium
1225 3784 1274 3830 aut
1297 3776 1325 3830 in
1347 3783 1516 3843 argumento.
1558 3777 1629 3831 Num
1652 3793 1707 3831 non
1729 3776 1831 3832 sufficit
1847 3776 2010 3833 incertitudo
2028 3783 2060 3832 ut

729 3846 860 3908 ierimus:
880 3852 969 3908 danda
988 3854 1059 3908 enim
1077 3871 1168 3924 opera,
1187 3861 1217 3909 ut
1235 3861 1310 3909 certa
1327 3855 1361 3909 ab
1380 3854 1490 3910 incertis
1509 3860 1679 3925 separentur.

810 3942 842 3992 hl.
860 3943 973 3992 Petrus
991 3943 1159 4007 Crirgerus,
1185 3947 1362 4007 Dentiscuuus,
1382 3961 1456 4012 quem
1475 3948 1501 3994 in
1521 3948 1664 4007 praemissis
1683 3945 1854 3995 voluminibus
1876 3947 1972 4008 passim
1991 3946 2057 3994 dixt-

728 4021 780 4074 nue‚
796 4019 914 4062 comeum
933 4016 992 4062 anui
1013 4017 1090 4066 1618.
1109 4016 1242 4078 descripslt
1260 4017 1337 4081 libro,
1357 4031 1431 4080 quem
1451 4018 1590 4077 inscripsit:
1618 4016 1805 4065 Uranodromus
1824 4015 1973 4064 Cometlcns.
2010 4015 2059 4064 Eln

729 4081 903 4132 mmfdhrlicher
921 4083 1023 4132 Tractat
1041 4099 1089 4133 von
1107 4100 1210 4146 grosaen
1229 4085 1347 4134 Cometen
1366 4089 1410 4134 des
1431 4088 1506 4136 1618.
1526 4087 1613 4135 Jahres
1632 4092 1679 4137 etc.
1716 4087 1842 4146 Dautziglr
1861 4087 1938 4137 1619.

811 4152 901 4215 Capite
920 4158 944 4203 1.
968 4154 1044 4203 refert
1062 4154 1197 4218 Crilgerue‚
1223 4171 1290 4204 antro
1310 4158 1387 4207 1618.
1412 4157 1474 4204 duos
1498 4162 1644 4220 conspectos
1670 4170 1723 4205 esse
1746 4162 1869 4217 cometes,
1891 4157 1974 4218 ipsum
1997 4167 2057 4205 vero

728 4217 802 4270 iusha
818 4238 902 4271 meuse
921 4225 1035 4285 Augusto
1054 4222 1125 4290 (emb
1144 4224 1327 4291 Bartholomii)
1352 4229 1377 4275 in
1402 4225 1591 4275 constellatione
1610 4227 1685 4275 Ursae
1709 4228 1812 4288 majoris
1831 4229 1939 4289 priorem
1955 4227 2057 4289 quaesi·

729 4290 788 4342 risse
823 4294 870 4341 »Es
894 4294 928 4342 ist
951 4297 1011 4342 aber
1029 4297 1092 4344 llerr
1109 4296 1135 4346 J.
1154 4297 1308 4361 donpierra,
1333 4295 1503 4345 lt'aiserllchsr
1525 4297 1731 4359 Mathematicus,
1755 4299 1836 4345 seiuer
1859 4299 1894 4345 im
1917 4296 2057 4358 Septembri

727 4371 792 4417 atvar
807 4364 907 4411 worden
925 4378 970 4411 vor
990 4365 1032 4413 der
1050 4366 1150 4415 Sonnen
1170 4368 1292 4431 Aulgrng,
1312 4365 1455 4426 aufeuglich
1475 4367 1534 4416 vber
1552 4368 1608 4416 dese
1627 4367 1717 4417 Levveu
1736 4365 1841 4429 Haubt,
1859 4367 1992 4415 hernacher
2010 4368 2058 4426 bey

727 4426 770 4478 dese
786 4432 875 4482 Beareu
895 4434 1090 4499 Vordertatzen‚
1115 4437 1248 4484 derhalben
1267 4437 1324 4485 luein
1343 4437 1458 4498 vunder,
1484 4437 1528 4485 das
1546 4439 1587 4484 ich
1605 4437 1649 4485 ibn
1667 4439 1725 4486 vmb
1745 4437 1916 4484 Bartholomlil
1933 4436 1981 4496 hey
1999 4435 2058 4485 odet

725 4499 745 4546 ln
759 4501 808 4550 dem
825 4504 919 4552 Beereu
937 4505 1008 4552 nicht
1025 4507 1107 4554 finden
1127 4507 1236 4557 kdnnen.
1267 4506 1300 4553 Er
1318 4508 1352 4554 ist
1369 4507 1435 4554 auch
1453 4507 1509 4554 sehr
1527 4505 1595 4554 lrlein
1613 4507 1664 4555 vnd
1684 4507 1790 4556 duneirel
1808 4520 1921 4565 geveesen
1940 4505 1990 4554 vud
2005 4505 2057 4553 slclr

725 4572 776 4618 noch
795 4575 834 4621 fiir
854 4570 985 4622 Michaelis
1007 4581 1082 4635 ganta
1104 4574 1226 4624 verioren.
1262 4576 1332 4624 Noclr
1358 4577 1450 4624 meldet
1467 4577 1500 4626 Η.
1520 4575 1662 4638 llapplcrns
1687 4574 1788 4643 (dassen
1806 4577 1909 4624 Extract
1926 4589 1983 4623 ause
2002 4575 2058 4623 dem

724 4637 867 4701 Prognostiro
886 4645 925 4691 vfs
946 4648 1021 4696 1619.
1039 4647 1097 4707 Juhr
1115 4647 1155 4694 ich
1175 4660 1222 4693 nur
1238 4647 1399 4707 geschrieben
1419 4644 1539 4711 geschen)
1565 4647 1628 4696 auch
1652 4661 1700 4696 von
1719 4649 1800 4695 elnam
1818 4647 1912 4694 anderu
1931 4645 2058 4709 Cometen,

723 4709 811 4762 'either
829 4714 875 4762 den
894 4715 938 4764 20.
957 4715 1019 4764 Nor.
1039 4718 1065 4764 in
1085 4716 1128 4763 dar
1146 4717 1232 4765 lilaren
1250 4716 1353 4776 Murgan
1372 4715 1454 4764 Riihte
1473 4719 1559 4765 seinen
1577 4715 1668 4778 langen
1686 4717 1816 4767 Schwautz
1835 4718 1895 4764 vber
1913 4717 1961 4764 den
1979 4715 2059 4763 Hori·

722 4787 769 4828 rent
784 4783 999 4848 heridrgestrerlrt,
1018 4787 1072 4834 sain
1091 4800 1180 4848 corpus
1199 4787 1259 4835 aber
1277 4787 1347 4834 nicht
1364 4785 1574 4837 herlhrlrommeu.
1603 4784 1661 4852 (cfr.
1681 4789 1733 4837 vol.
1751 4787 1771 4833 1.
1791 4801 1816 4848 p.
1834 4787 1887 4836 488
1905 4793 1931 4834 et
1947 4781 2024 4849 499.)

810 4853 898 4916 Capite
918 4857 959 4905 19.
978 4856 1107 4917 inquirens
1127 4870 1225 4905 eausam
1245 4856 1358 4904 diversae
1376 4855 1543 4916 longitudinis
1562 4857 1696 4905 caudarum
1716 4861 1867 4906 cometarum
1886 4856 1961 4903 dicit:
1989 4856 2059 4902 liban

720 4917 789 4971 herm
805 4923 868 4984 folgt
886 4926 951 4973 auch
970 4940 983 4972 e
1002 4933 1069 4974 motu
1089 4933 1202 4975 cometae
1221 4926 1359 4975 secundum
1379 4926 1532 4988 Kepplernm
1550 4928 1678 4975 rectilineo
1698 4935 1723 4976 et
1741 4926 1878 4974 directione
1894 4927 2059 4991 traiecturus,

719 4990 740 5036 ln
756 4994 843 5043 welche
861 4994 902 5042 ich
919 4994 986 5043 mich
1005 4995 1077 5058 doch,
1096 4997 1153 5044 weil
1170 4997 1218 5044 mir
1236 4996 1327 5045 Terrae
1347 5003 1430 5045 motus
1450 5010 1547 5045 annuus
1566 4998 1635 5045 nicht
1653 4999 1694 5045 ein
1712 4995 1772 5056 vill,
1791 4997 1854 5045 noch
1874 4996 1944 5043 nicht
1962 4996 2060 5044 richten

718 5060 773 5108 laun
795 5064 845 5112 rud
869 5064 963 5113 deneke
985 5067 1085 5126 immor,
1113 5069 1145 5114 ob
1169 5080 1228 5115 mun
1249 5067 1320 5115 nieht
1344 5066 1415 5115 darer
1437 5068 1621 5129 problematum
1644 5068 1671 5114 ln
1691 5067 1721 5114 ll.
1741 5064 1859 5128 lleppleri
1876 5066 1990 5113 Autvvort
2007 5067 2062 5114 euil

717 5128 820 5181 lloeslini
845 5135 941 5183 discurs
964 5138 1071 5185 rationes
1096 5136 1207 5184 admissu
1232 5134 1286 5184 sola
1309 5135 1464 5184 revolutione
1483 5137 1572 5185 Terrae
1590 5136 1679 5184 diurna
1696 5138 1775 5196 geben
1794 5137 1875 5183 kbnue
1894 5132 1952 5202 (cfr.
1970 5134 2020 5185 vol.
2039 5136 2060 5188 1,

716 5213 736 5261 p.
753 5200 824 5268 ule).
861 5205 893 5252 Et
911 5206 972 5270 quia
989 5212 1048 5268 post
1063 5211 1233 5268 recuperatum
1252 5203 1407 5254 valetudinis
1425 5207 1593 5267 integritatem
1612 5208 1643 5254 ob
1656 5206 1779 5253 tumultus
1796 5207 1823 5252 in
1837 5206 1940 5253 Austris
1956 5203 2060 5254 bellicos

715 5284 766 5320 eum
781 5272 862 5325 litania
879 5276 988 5324 invisere
1005 5290 1056 5326 uon
1073 5277 1145 5339 potui
1163 5273 1223 5342 (cfr.
1241 5277 1291 5328 vol.
1304 5277 1348 5328 v1.
1361 5274 1429 5343 99),
1448 5290 1518 5326 meua
1535 5277 1578 5327 hle
1594 5275 1787 5340 Uranodremue,
1804 5275 1827 5322 sl
1844 5272 1908 5322 forte
1925 5275 1959 5323 ad
1976 5277 2061 5338 ipsum
