5575 6342
734 775 795 843 116
1229 775 1270 829 De
1288 774 1407 830 Cometis
1425 774 1511 829 libelli
1528 774 1578 828 tn.

730 952 887 1013 verisimile
903 951 1005 1013 rideri.
1029 952 1159 1030 quotidie
1174 954 1282 1014 multos
1305 954 1378 1015 tales
1395 958 1424 1014 in
1445 955 1497 1014 ilia
1520 957 1661 1015 vastitate
1675 951 1778 1012 mundi
1797 954 1879 1013 nasei
1895 951 2083 1030 densatique.

729 1042 765 1099 iit
796 1054 908 1103 tamen.
941 1045 964 1099 si
989 1045 1053 1118 quis
1076 1042 1178 1101 borum
1202 1052 1261 1101 tam
1284 1060 1374 1121 prope
1397 1043 1517 1102 Terram
1540 1045 1664 1119 trajicit.
1694 1051 1726 1099 nt
1750 1040 1818 1101 inda
1839 1042 1970 1120 conspici
1992 1044 2082 1119 possit

728 1130 852 1187 notabili
875 1131 1054 1204 quantitate,
1080 1132 1103 1189 is
1126 1128 1270 1206 siquidem
1293 1131 1437 1207 significat
1460 1130 1571 1207 aliquid
1594 1128 1792 1201 nihilominus,
1815 1146 1834 1187 a
1856 1130 1960 1207 spiritu
1984 1128 2082 1205 aliquo

728 1217 866 1276 aethereo
882 1218 939 1276 buc
961 1219 1145 1293 potissimum
1162 1218 1288 1278 directus
1312 1227 1340 1276 et
1359 1217 1517 1295 perductus
1540 1236 1605 1279 esse
1627 1216 1705 1277 credi
1728 1224 1835 1293 potest,
1858 1225 1891 1275 ut
1915 1215 2081 1275 bominibus

728 1302 778 1361 illa
802 1302 986 1379 signiticaret.
1010 1323 1120 1380 quaea
1139 1306 1202 1365 Deo
1222 1306 1323 1380 jussus
1346 1307 1449 1365 luerat
1487 1304 1626 1381 Sequitur
1648 1314 1745 1363 tamen
1768 1303 1846 1375 inde,
1869 1304 1927 1362 nisi
1949 1303 2081 1363 bomines

728 1402 824 1450 essent
839 1391 940 1467 aliqui.
965 1410 1016 1451 seu
1033 1393 1098 1451 Deo
1120 1410 1173 1452 seu
1189 1396 1277 1452 etiam
1301 1396 1414 1469 spiritui
1433 1392 1474 1450 illi
1497 1397 1571 1465 noti.
1595 1392 1632 1452 de
1647 1390 1858 1451 cousuetudine
1879 1408 1935 1450 seu
1956 1392 2080 1450 naturali

727 1479 914 1537 inclinatione
942 1490 993 1537 ant
1023 1498 1197 1556 quacunque
1229 1483 1416 1556 instigatione
1443 1480 1613 1556 expiscandi
1643 1478 1871 1555 significationes
1892 1488 2080 1549 cometarum.

726 1564 797 1625 nibil
820 1566 1049 1642 significatumm
1072 1568 1162 1627 luisse
1185 1578 1316 1628 cometae
1340 1585 1465 1628 cursum.

829 1652 895 1712 Hoc
910 1655 1094 1713 considerato
1109 1673 1183 1732 pene
1195 1654 1347 1717 concludo.
1364 1655 1523 1733 specialem
1535 1654 1617 1713 illam
1631 1654 1875 1730 significationem
1891 1660 2079 1723 cometarum.

725 1757 801 1815 quae
824 1743 961 1817 respiciat
984 1744 1217 1802 circumstantias
1241 1742 1307 1800 illas
1322 1754 1429 1803 motus.
1452 1741 1575 1813 caudae,
1597 1741 1714 1811 coloris,
1736 1744 1875 1817 temporis
1897 1750 2079 1817 ceterasque,

725 1826 763 1884 ad
779 1845 853 1902 quas
869 1828 1000 1887 homines
1016 1834 1158 1906 respicere
1175 1830 1244 1891 dixi.
1267 1830 1351 1893 banc.
1368 1834 1498 1906 inquam,
1515 1829 1700 1905 significandi
1716 1832 1858 1888 rationem
1872 1829 2079 1889 mathematico

725 1916 1020 1993 impervestigabilem
1032 1936 1105 1977 csse.
1122 1937 1186 1977 cum
1202 1935 1260 1975 non
1277 1920 1459 1995 introspiciat
1475 1920 1604 1975 omnium
1620 1919 1815 1993 cogitationes
1829 1926 1859 1975 et
1871 1914 2079 1993 dispositiones

724 2004 829 2063 animi.
863 2004 1037 2079 quibuscum
1072 2008 1190 2081 spiritus
1225 2005 1275 2064 ille
1307 2023 1358 2081 per
1390 2014 1534 2064 cometam
1564 2004 1644 2080 loqui
1674 2007 1854 2082 propositum
1885 2003 1987 2063 babet.
2032 2004 2079 2064 Sic

723 2088 894 2149 adolescens
924 2108 1023 2151 amore
1055 2096 1190 2163 saucius.
1227 2092 1377 2151 conductis
1406 2095 1525 2152 musicis
1555 2092 1670 2168 plateas
1693 2104 1852 2151 nocturnus
1873 2090 2077 2163 obambulans,

723 2176 792 2236 dum
824 2181 936 2238 amicae
966 2196 1037 2238 snae
1066 2179 1182 2256 placere
1215 2179 1329 2239 studet.
1364 2180 1474 2239 multae
1504 2182 1611 2238 circum
1644 2178 1760 2255 puellae
1788 2177 1923 2254 ejusdem
1953 2182 2079 2239 musices

722 2264 875 2343 voluptate
891 2266 1111 2343 perlunduntur.
1135 2282 1166 2327 at
1181 2268 1265 2343 cujus
1282 2286 1317 2326 ca
1333 2271 1427 2343 gratia
1441 2270 1625 2343 potissimum
1640 2276 1786 2343 personet,
1802 2268 1909 2342 quisve
1923 2266 2078 2343 choragus,

721 2368 837 2429 practer
859 2372 946 2413 uuam
970 2358 1050 2431 prins
1075 2355 1254 2414 admonitam
1278 2368 1391 2414 constat
1414 2356 1498 2413 nulli.
1546 2355 1581 2412 Et
1604 2354 1676 2430 qnid
1699 2358 1723 2413 si
1745 2353 1855 2413 multae
1878 2353 2001 2430 quidem
2024 2355 2079 2415 boe

721 2440 848 2500 ollicium
872 2444 928 2501 sibi
954 2441 1100 2502 vindicent
1124 2442 1265 2503 misellae.
1289 2460 1354 2502 cum
1378 2443 1429 2502 ille
1452 2443 1488 2501 de
1510 2460 1570 2501 uua
1591 2442 1656 2500 sola
1678 2442 1811 2519 cogitet?

826 2528 888 2587 Nisi
913 2531 1003 2589 lortc.
1039 2534 1089 2606 qui
1112 2530 1341 2607 significationes
1364 2539 1542 2589 cometarum
1564 2531 1632 2607 plus
1654 2547 1742 2605 quam
1765 2528 1915 2588 naturales
1938 2527 2076 2591 delendit.

718 2612 774 2673 boc
801 2616 888 2691 justa
920 2632 1045 2677 statuat.
1079 2634 1208 2679 conteras
1239 2618 1394 2693 astrologis
1425 2620 1609 2695 potissimum
1637 2617 1734 2677 lucere
1761 2635 1798 2677 eo
1825 2616 1883 2675 linc
1905 2632 2004 2692 eoque
2025 2634 2075 2675 seu

719 2700 775 2760 liei
806 2720 858 2761 seu
887 2707 1003 2781 spiritus
1033 2705 1157 2782 alicujus
1188 2710 1353 2783 proposito.
1390 2718 1422 2763 ut
1451 2706 1593 2781 astrologi
1615 2722 1650 2763 cr
1674 2706 1835 2763 arbitrariis
1856 2706 2076 2763 asterismorunt

717 2792 837 2864 picturis
870 2805 898 2850 ct
932 2794 1109 2867 imaginibus
1144 2812 1237 2869 usquc
1271 2797 1457 2869 antiquorum
1488 2796 1652 2869 sapientum
1680 2796 1731 2869 ¹sie
1761 2810 1793 2851 se
1825 2793 1881 2869 ipst
1913 2790 2076 2869 appellant}

718 2876 844 2949 reculis.
874 2878 999 2953 denique
1023 2898 1057 2939 cr
1082 2880 1149 2941 illa.
1182 2898 1270 2957 quam
1292 2884 1347 2957 ipsi
1368 2882 1497 2955 jactant.
1520 2884 1592 2939 artis
1614 2883 1794 2956 experientia
1815 2879 1921 2938 ceteris
1943 2887 2076 2938 comeue

717 2964 880 3037 significata
903 2966 1073 3025 edisserant.
1113 2967 1179 3042 Qua
1204 2968 1239 3026 dc
1263 2971 1401 3044 opinione
1425 2968 1519 3044 deque
1542 2970 1587 3027 iis.
1610 2985 1687 3042 quae
1709 2978 1811 3025 contra
1831 2966 1928 3025 aderri
1952 2976 2075 3043 possunt

716 3064 744 3107 er
775 3050 810 3109 de
840 3052 985 3128 plerisque
1010 3054 1098 3129 bajus
1122 3058 1328 3132 disputationis
1352 3057 1497 3131 capitibus
1520 3058 1549 3111 in
1572 3055 1647 3113 libro
1670 3054 1707 3114 de
1729 3054 1816 3113 Nora
1837 3052 1933 3114 Stella
1955 3058 2075 3131 copiose

716 3134 858 3199 disserui.
892 3140 1045 3217 explicatu
1078 3143 1258 3217 singulorum
1291 3141 1506 3201 fundamentis:
1540 3142 1608 3201 inde
1641 3146 1740 3218 itaque
1773 3142 1859 3220 plura
1892 3152 1992 3219 petat,
2023 3144 2074 3217 qui

715 3224 871 3287 desiderat.
