5575 6342
1056 1828 1404 1929 uiusuulssiuo
1433 1826 1641 1925 ruituri
1672 1828 1731 1923 ui
1761 1824 1945 1923 botruo

1249 2027 1308 2139 Ii.
1362 2024 1752 2160 tutunus),

824 2230 907 2297 Duci
927 2226 1338 2310 meteoroumsuo,
1364 2226 1649 2294 rambertum
1670 2232 1704 2295 ei
1725 2224 1903 2309 usuum,
1924 2222 2073 2321 Principi
2092 2218 2167 2288 viii

888 2332 1114 2420 DALOBUM,
1135 2332 1252 2402 uomit
1274 2332 1458 2419 svuuntl,
1480 2332 1618 2401 Domino
1640 2332 1811 2401 Teucrum
1831 2328 2125 2399 uosuocflue

1317 2436 1610 2507 suendum
1630 2443 1691 2505 etc
1921 2446 1934 2475 '

1092 2584 1167 2662 imp.
1190 2583 1277 2644 cres.
1298 2575 1620 2649 Fer-dinamio
1635 2577 1708 2647 ΙΙ.
1731 2580 1921 2641 &numum

1193 2690 1310 2748 Ductori
1327 2706 1467 2762 supremo,
1486 2690 1643 2761 Oceanique
1661 2698 1690 2747 et
1705 2688 1814 2749 Baltbis

1313 2795 1499 2843 Praefecto
1520 2792 1700 2851 Gener-11.

1033 2904 1163 2969 Domino
1184 2921 1252 2967 meo
1273 2904 1525 2981 clementissimo,
1556 2904 1687 2971 Patrono
1709 2902 1988 2965 mnuidcsutbsimo

1471 3079 1538 3161 S.

931 3216 994 3279 iitsi
1013 3216 1059 3279 'l'u
1083 3214 1212 3296 quidem,
1234 3216 1306 3279 Dux
1321 3218 1444 3299 inclyte,
1467 3222 1498 3279 in
1519 3217 1685 3299 patrocinio
1707 3226 1837 3279 meorum
1853 3215 2035 3291 studiorum,
2058 3214 2134 3295 quod
2149 3232 2177 3275 u

829 3305 984 3367 voluntate
1006 3304 1195 3367 dioncrebne
1217 3306 1338 3367 Domini
1359 3309 1418 3367 mci
1440 3309 1470 3366 in
1492 3307 1536 3371 Te
1558 3306 1722 3385 suscepisti,
1745 3312 2000 3383 cousuetamper
2022 3306 2119 3367 omnia
2137 3311 2178 3363 tue

826 3396 946 3470 negotia
976 3394 1171 3454 constantiam
1200 3392 1350 3471 usurpasti
1377 3393 1535 3468 hacteuus,
1565 3410 1621 3454 nec
1644 3394 1803 3473 quicquam
1825 3391 1893 3453 Tua
1915 3409 1966 3451 mc
1989 3403 2060 3453 suut
2081 3400 2178 3455 morati

825 3484 979 3558 promissa,
1007 3480 1256 3559 typographorum
1280 3488 1377 3540 temen
1401 3481 1499 3542 nuilus
1522 3498 1587 3541 cum
1603 3480 1704 3559 proeio
1727 3480 1845 3558 proprio
1862 3478 2019 3556 Saganum
2043 3489 2076 3540 ut
2098 3490 2179 3539 mans·

827 3572 881 3628 iret
912 3568 1009 3628 induci
1040 3570 1145 3647 potuit
1191 3567 1297 3644 Itaque
1325 3585 1399 3645 ego,
1431 3578 1463 3629 ut
1485 3568 1711 3647 premeridum
1741 3569 1959 3645 exspectationi
1982 3568 2179 3638 satisiecereu,

826 3655 915 3733 hujus
938 3664 968 3716 ct
990 3656 1113 3715 eliorum
1130 3655 1253 3715 duorum
1269 3672 1410 3717 annorum
1426 3656 1637 3734 premerides
1652 3655 1877 3716 Freucoiurtum
1893 3653 1931 3713 ed
1948 3654 2094 3717 Moenum
2108 3670 2179 3733 prac-

828 3746 909 3816 misi,
940 3744 965 3801 si
987 3744 1061 3803 iorte
1084 3744 1114 3801 iu
1135 3743 1202 3802 loco
1225 3742 1334 3819 proelis
1356 3745 1580 3804 instructissimo
1604 3761 1679 3819 opus
1701 3743 1772 3816 boc,
1801 3742 1924 3803 absente
1948 3746 2042 3802 etiem
2066 3751 2179 3811 sudore

828 3830 867 3891 ed
889 3830 983 3890 iucem
1008 3829 1163 3889 videndam
1186 3832 1326 3889 maturari
1345 3839 1456 3909 posset.
1493 3831 1657 3907 Postquam
1673 3828 1795 3890 Octobri
1818 3829 1938 3888 tandem
1962 3848 2067 3892 meuse
2090 3845 2180 3910 operar

829 3918 900 3977 mihi
924 3918 1020 3994 Prega
1042 3918 1206 3977 submissae
1222 3934 1326 3995 resque
1340 3919 1555 3997 typographica
1570 3917 1607 3978 ed
1624 3935 1718 3977 meam
1733 3918 1827 3995 ipsius
1841 3933 1942 3976 curem
1959 3918 2083 3992 recidit,
2107 3933 2181 3978 occu·

829 4007 907 4083 petis
929 4007 1016 4065 nobis
1039 4007 1068 4062 in
1090 4003 1192 4081 proeio
1207 4022 1223 4064 e
1239 4004 1400 4081 longinquo
1421 4005 1600 4084 asportando
1616 4008 1780 4082 ceterisque
1795 4003 1975 4065 instruendis
1998 4019 2181 4084 supencuct

830 4091 979 4155 Celendeo
1009 4101 1039 4153 et
1066 4091 1163 4156 adbuc
1185 4091 1355 4167 premeris
1377 4096 1446 4151 anni
1466 4094 1529 4170 jem
1551 4094 1680 4154 ineuntis
1702 4093 1895 4155 ursnooruno
1917 4103 2076 4153 revertens
2097 4093 2182 4152 beent

830 4183 859 4239 iu
882 4181 994 4240 itinere.
1034 4177 1111 4254 Quid
1134 4196 1261 4256 egerem,
1284 4181 1500 4240 circumventus
1515 4180 1583 4239 binc
1597 4182 1701 4257 spatiis
1715 4178 1856 4253 locorum,
1879 4178 1949 4239 inde
1965 4181 2106 4257 angustis
2120 4188 2182 4240 teu·

829 4266 933 4344 poris?
964 4265 1058 4341 Quam
1090 4274 1216 4326 strenam
1240 4265 1363 4325 Aiberto
1386 4267 1462 4327 Duci
1488 4285 1523 4327 ex
1546 4269 1618 4327 urbo
1641 4284 1696 4325 sus
1718 4265 1837 4342 Sagano
1859 4267 2009 4327 mitterem
2033 4262 2182 4331 Calendis?

831 4354 918 4433 Quod
934 4356 1048 4413 initium
1065 4370 1219 4431 operarum
1233 4355 1368 4427 iacerem,
1385 4371 1546 4431 congruum
1562 4354 1747 4432 professioni,
1765 4351 1959 4414 honorificum
1974 4353 2054 4429 ioco,
2078 4354 2181 4432 diguuu

830 4450 914 4501 tento
934 4442 1078 4514 Patrono,
1108 4443 1293 4517 auspicatum
1315 4442 1440 4518 inceptis
1462 4450 1523 4502 tam
1546 4440 1670 4501 erduisi
1702 4440 1845 4500 Nimirum
1868 4440 2045 4514 consilium,
2076 4441 2182 4518 quode

831 4546 896 4588 mea
918 4546 976 4588 nou
998 4532 1104 4606 potuit,
1129 4548 1147 4587 e
1170 4528 1244 4602 Tua,
1270 4527 1339 4586 Dux
1361 4527 1605 4605 splendidissime,
1629 4528 1746 4587 iortune
1768 4536 1895 4587 sumtum
1919 4537 1977 4591 eat.
2023 4526 2093 4590 'l'ua
2112 4528 2182 4588 toru-

831 4616 932 4676 tudine
955 4620 983 4674 in
1007 4616 1154 4694 perieulis,
1178 4615 1235 4674 fide
1258 4617 1287 4672 in
1303 4614 1504 4689 Monarcbam,
1527 4618 1693 4677 constantie
1709 4617 1737 4674 iu
1753 4617 1899 4693 susceptis
1914 4614 2082 4691 laboribus,
2104 4631 2182 4692 pepo-

831 4706 895 4763 rieti
909 4703 977 4765 'libi
1000 4705 1096 4764 iocum
1121 4705 1196 4762 inter
1210 4701 1376 4779 Principes,
1401 4702 1527 4763 ditiones
1550 4704 1734 4779 acquisivisti
1757 4719 1810 4780 per
1832 4702 2019 4779 Bohemiam,
2043 4720 2097 4781 per
2117 4702 2182 4764 Siic-

833 4792 926 4869 siam,
955 4790 994 4850 ed
1016 4809 1095 4851 mere
1118 4789 1286 4850 Belthicum
1317 4788 1530 4867 amplissimas,
1561 4789 1654 4850 tutele
1675 4789 1811 4864 litorum,
1843 4792 1948 4850 oceani
1973 4792 2183 4871 praeissem·

834 4877 961 4937 Cessero
984 4878 1052 4938 Tibi
1074 4886 1119 4938 est
1141 4875 1353 4937 commendate.
1400 4877 1443 4936 Ex
1466 4884 1630 4956 opportuno
1653 4879 1727 4955 petit
1748 4895 1768 4937 a
1789 4876 2011 4939 mathematicis
2035 4876 2182 4959 Europaei

833 4970 979 5023 extremus
1002 4967 1092 5024 Asiae
1115 4964 1214 5035 limes,
1237 4981 1360 5041 reguum
1384 4964 1549 5039 sincrum,
1580 4972 1684 5042 petunt
1708 4963 1908 5026 mathematici
1931 4982 1952 5026 a
1974 4981 2042 5045 mc,
2074 4966 2129 5028 boc
2148 4972 2183 5025 art

834 5052 922 5111 modo
946 5070 981 5111 ex
1004 5052 1077 5110 urbe
1091 5051 1158 5112 'l'ua
1174 5052 1300 5128 Sepcno
1323 5053 1478 5111 consilium
1499 5051 1658 5111 iormsudis
1674 5054 1793 5112 orientis
1808 5054 2002 5131 temporibus,
2025 5068 2183 5131 respow

834 5136 872 5199 ed
900 5138 999 5199 literas
1021 5138 1290 5216 Sinenses,.piure
1320 5140 1385 5215 ejus
1414 5139 1592 5218 exemplaria
1615 5139 1760 5199 distinctis
1783 5139 1930 5201 classibus
1952 5141 2106 5202 mittenda
2146 5139 2183 5199 m

835 5227 982 5303 responsis
1010 5228 1082 5286 meis
1111 5243 1190 5287 novo
1214 5225 1355 5287 beneficio
1379 5225 1415 5287 de
1437 5228 1606 5288 novissimis
1628 5227 1809 5287 iortuuerum
1831 5238 1951 5290 tuarum
1974 5228 2182 5293 accessionibus

2213 1744 2218 1975 i
