5575 6342
808 2090 1173 2206 luditiltlltt
1211 2090 1500 2207 stultitiis
1535 2088 1976 2211 ltttttlltttltltl.

1286 2375 1496 2390 mmm

819 2551 1064 2614 Postulatum
1086 2554 1111 2617 1.
1157 2552 1266 2617 Omnes
1296 2554 1501 2632 proportiones
1534 2554 1609 2614 inter
1638 2569 1671 2612 se
1703 2551 1860 2629 aequales,
1895 2570 2057 2632 quacunque

714 2641 858 2701 varietate
891 2641 1025 2701 binorum
1057 2645 1143 2703 unius
1173 2651 1203 2703 et
1229 2643 1364 2703 binorum
1392 2642 1513 2702 alterius
1539 2641 1745 2715 terminorum,
1776 2639 1884 2701 eadem
1907 2645 2057 2719 quantitate

713 2727 809 2789 metiri
832 2745 886 2790 seu
909 2731 1080 2806 exprimere.

819 2841 985 2902 Axioma
1007 2842 1032 2903 1.
1077 2841 1110 2902 Si
1133 2842 1240 2904 luerint
1264 2845 1443 2922 quantitates
1466 2848 1653 2918 quotcunque
1676 2840 1808 2919 ejusdem
1830 2846 1964 2919 generis,
1994 2860 2057 2920 quo·

714 2944 830 3004 cunque
847 2929 947 2988 ordine
970 2930 1027 2989 sibi
1044 2930 1172 2991 invicem
1192 2932 1391 3003 succedentes,
1416 2936 1448 2989 ut
1462 2931 1487 2988 si
1512 2928 1612 2988 ordine
1632 2929 1841 3005 magnitudinis
1863 2931 1923 2990 sibi
1944 2933 2057 2991 inrioen

714 3013 889 3089 succedant,
920 3019 1071 3093 proportio
1100 3025 1291 3078 extremarum
1315 3019 1478 3094 composita
1501 3034 1565 3077 esse
1588 3016 1759 3092 intelligitur
1780 3035 1817 3077 ex
1840 3018 1980 3079 omnibns
2000 3035 2058 3096 pro·

713 3104 899 3180 portionibus
928 3104 1106 3166 intermediis
1133 3106 1267 3165 binarum
1298 3114 1327 3166 ct
1359 3106 1494 3166 binarum
1526 3106 1601 3163 inter
1630 3121 1662 3164 se
1691 3106 1873 3179 vicinarum,
1907 3122 1962 3166 seu
1991 3103 2057 3182 quel

714 3188 817 3251 eudem
845 3191 939 3264 redit,
972 3194 1122 3270 proportio
1151 3195 1292 3253 minuitur
1319 3201 1406 3254 aucto
1436 3194 1538 3251 minori
1568 3194 1690 3253 termino
1712 3191 1762 3253 rel
1785 3191 1931 3253 diminuto
1955 3193 2056 3270 maiori,

713 3286 839 3354 augetur
859 3281 1022 3340 rationibus
1044 3283 1204 3341 contrariis.

816 3390 1044 3469 Propositio
1071 3393 1096 3453 l.
1143 3392 1278 3453 Medium
1306 3393 1536 3470 proportionale
1566 3394 1647 3451 inter
1679 3392 1756 3454 dues
1783 3394 1931 3454 terminos
1962 3391 2056 3453 dividit

711 3483 940 3558 proportionem
963 3484 1164 3540 terminorum
1187 3485 1220 3540 in
1243 3479 1321 3539 duos
1338 3484 1552 3556 proportiones
1573 3482 1653 3538 inter
1674 3497 1704 3538 se
1725 3481 1877 3556 aequales.

818 3567 893 3626 Nam
923 3570 948 3626 si
980 3578 1048 3628 sunt
1079 3568 1136 3628 duo
1167 3570 1281 3627 termini
1312 3585 1470 3644 eorumque
1500 3565 1629 3628 medium
1659 3567 1896 3645 proportionale,
1931 3576 1978 3629 est
1999 3583 2055 3644 crgo

712 3656 788 3714 inter
820 3664 878 3715 tres
911 3659 1091 3732 quantitates
1124 3657 1262 3732 analogia
1295 3673 1347 3714 seu
1381 3655 1648 3733 proportionalitas.
1701 3657 1740 3713 At
1768 3654 1909 3732 analogia
1935 3655 2056 3716 delinitur

712 3741 891 3818 aequalitate
914 3767 972 3804 ross
995 3747 1100 3825 tepor,
1127 3745 1364 3822 proportionum,
1388 3760 1479 3820 quare
1502 3745 1705 3820 proportiones
1728 3745 1859 3802 sectione
1883 3746 2056 3814 constitutae,

712 3837 815 3908 utpote
837 3840 935 3909 partes
958 3834 1154 3909 proportionis
1177 3835 1267 3891 totius
1290 3833 1466 3907 propositae,
1490 3841 1558 3889 sunt
1581 3834 1655 3890 inter
1676 3848 1709 3890 se
1731 3831 1884 3907 aequales.

818 3944 986 4004 Axioma
1014 3945 1053 4004 Il.
1099 3945 1131 4005 Si
1165 3945 1271 4004 suerint
1304 3946 1483 4020 quantitates
1517 3953 1721 4020 quotcunque,
1760 3953 1928 4005 crescentes
1962 3943 2055 4012 ordine,

714 4032 864 4105 proportio
893 4039 1085 4092 extremarum
1109 4032 1205 4090 divisa
1228 4041 1272 4092 est
1294 4050 1346 4109 per
1368 4031 1555 4092 intermedias
1578 4033 1607 4089 in
1629 4041 1728 4109 partes
1751 4049 1818 4091 una
1832 4031 1952 4108 plures,
1984 4046 2056 4108 quun

716 4124 784 4175 sunt
807 4118 1003 4192 intermediae,
1028 4120 1202 4178 divisionem
1226 4121 1376 4180 iacientes.

819 4219 864 4273 Sic
882 4228 998 4287 quatuor
1016 4220 1160 4277 interstitia
1179 4219 1322 4287 digitorum
1341 4227 1459 4286 arguunt
1478 4221 1596 4289 quinque
1613 4217 1722 4288 digitos.
1757 4218 1801 4272 Sic
1818 4219 1942 4288 quinquo
1959 4231 2055 4288 corpora

714 4295 862 4366 regularia,
894 4296 945 4353 sibi
967 4298 1080 4353 invicem
1099 4300 1201 4354 inserta
1223 4298 1317 4352 ordine
1334 4299 1503 4367 interpositis
1523 4298 1633 4353 orbibus
1651 4297 1788 4365 inscriptis
1807 4308 1834 4352 et
1853 4296 2054 4368 circumscriptis

713 4383 840 4445 arguunt,
860 4375 964 4431 orbium
983 4376 1076 4432 talium
1095 4394 1144 4433 sex
1163 4391 1231 4431 esse.

818 4466 1056 4527 Postulatum
1079 4468 1119 4529 11.
1165 4469 1387 4546 Propertionem
1412 4471 1488 4530 inter
1511 4468 1597 4528 datos
1620 4469 1695 4529 duos
1719 4472 1857 4530 terminos
1881 4485 2052 4549 quoscunque

714 4552 845 4613 dividere
873 4557 901 4613 in
929 4567 1026 4632 partes
1054 4566 1241 4633 quotcunque
1271 4554 1321 4640 (ut
1342 4561 1372 4616 in
1396 4565 1494 4636 partes
1516 4573 1636 4616 numero
1660 4559 1798 4617 continue
1822 4559 1978 4639 multiplici
1999 4574 2052 4639 pro·

714 4643 871 4719 gressionis
893 4640 1040 4726 binariae)
1071 4652 1100 4704 et
1130 4663 1165 4705 eo
1197 4663 1306 4723 usque,
1340 4646 1433 4706 donec
1465 4652 1561 4722 partes
1591 4647 1720 4704 oriantur
1750 4653 1878 4707 minores
1908 4650 2051 4724 quantitate

715 4731 874 4808 proposita.

820 4827 962 4897 Propertio
981 4831 1051 4886 enirn
1072 4837 1115 4886 est
1132 4831 1214 4885 etiam
1231 4846 1287 4885 una
1306 4845 1339 4884 cx
1358 4831 1556 4900 quantitatibus
1575 4831 1725 4900 continuis,
1743 4832 1771 4886 in
1790 4832 1926 4890 infinitum
1944 4830 2051 4891 datm.

715 4903 784 4961 Vide
802 4905 848 4961 hic
864 4915 959 4978 typum
977 4907 1078 4965 divisae
1088 4910 1280 4993 proportionis
1298 4910 1367 4966 inter
1387 4912 1428 4981 10,
1446 4912 1463 4966 7
1481 4927 1531 4981 per
1549 4911 1584 4967 30
1601 4910 1820 4981 proportionales
1838 4912 1950 4970 medias
