5575 6342
1072 826 1134 883 Lib.
1152 827 1174 882 1.
1212 827 1341 883 comeus
1358 826 1423 882 anni
1443 826 1519 883 roto.
1555 826 1644 897 Caput
1661 828 1683 882 l.
1850 828 1855 834 ’
2010 829 2051 896 81

719 1004 843 1065 adillam
873 1007 1001 1082 primam
1031 1004 1108 1065 diem
1138 1014 1215 1066 retro
1246 1004 1417 1066 deducenda
1445 1005 1540 1065 luerit
1584 1004 1659 1064 Nam
1690 1006 1715 1064 si
1743 1006 1844 1082 primis
1867 1005 1971 1067 diebus
1995 1006 2053 1066 duo

721 1103 828 1153 cometae
859 1111 938 1151 unus
967 1094 1098 1168 luerunt,
1135 1092 1237 1169 procul
1267 1093 1356 1152 dubio
1383 1094 1434 1152 ille
1465 1102 1540 1151 uuus
1571 1093 1719 1153 diversum
1745 1093 1848 1153 habuit
1875 1104 1987 1153 motum
2016 1097 2054 1154 ab

719 1189 818 1257 tuoque
843 1179 1025 1253 divirorum,
1054 1180 1161 1239 sufficit
1185 1183 1288 1256 igitur,
1320 1181 1398 1257 quod
1422 1179 1557 1239 videmus
1580 1189 1735 1256 utrumque
1758 1198 1794 1239 err
1816 1180 1920 1240 eodem
1944 1186 2057 1242 circiter

719 1266 765 1328 loeo
785 1267 858 1327 coeli
882 1267 1015 1343 prodire,
1045 1284 1101 1326 nec
1123 1267 1280 1326 multorum
1304 1268 1416 1327 dierum
1439 1269 1595 1326 interstitio
1619 1268 1711 1326 rideri
1734 1279 1890 1345 utrumque
1913 1272 2054 1346 coepisse.

800 1354 857 1413 Die
884 1350 992 1431 tosto.
1022 1354 1099 1416 Nov.
1132 1352 1256 1414 Ursinus
1287 1356 1413 1413 affirmat
1446 1358 1543 1413 visum
1577 1372 1642 1427 esse
1676 1365 1820 1415 cometam
1854 1359 1928 1415 iuter
1960 1358 2055 1415 nubes

718 1441 877 1501 lraneolurti
896 1441 935 1500 ad
951 1439 1088 1500 Oderam.
1126 1442 1267 1514 Dubium,
1291 1441 1326 1501 de
1342 1441 1472 1501 secundo
1487 1459 1524 1500 an
1541 1442 1678 1501 detentio
1694 1442 1723 1499 id
1739 1443 1825 1501 tuerit
1841 1444 2052 1520 accipiendum.

801 1530 859 1589 Dia
892 1537 916 1598 d
951 1532 1005 1589 at.
1028 1528 1104 1588 Nor.
1132 1545 1219 1588 mane
1242 1530 1280 1589 ab
1302 1530 1374 1588 hora
1399 1524 1461 1611 5¹s,
1484 1529 1594 1605 pluviis
1616 1542 1646 1589 et
1668 1531 1796 1588 nubibus
1819 1532 2003 1590 cessantibus
2026 1540 2056 1590 et

716 1622 787 1674 rento
809 1620 980 1692 impetuoso
1002 1617 1096 1676 nubes
1116 1615 1298 1694 dispellente,
1322 1621 1457 1693 apparuit
1471 1616 1543 1674 milri
1567 1627 1677 1676 tractus
1699 1619 1755 1675 iste
1779 1618 1899 1677 secundi
1923 1627 2055 1677 cornetae

713 1701 808 1762 lacteus
832 1713 863 1763 et
886 1703 1006 1777 dilutus,
1029 1706 1072 1762 sic
1094 1710 1191 1762 tamen
1214 1703 1355 1778 albicans,
1378 1706 1520 1762 utvisum
1544 1704 1630 1763 lacile
1652 1713 1798 1779 moveret,
1826 1722 1884 1764 non
1908 1707 2054 1777 obstante,

712 1790 776 1865 quod
794 1790 861 1866 jam
883 1791 957 1851 bora
981 1791 1156 1853 auaitum
1179 1790 1341 1851 diluxisset.
1387 1791 1535 1850 Veniebat
1557 1808 1593 1850 ex
1618 1793 1751 1868 partibus
1774 1792 1916 1850 horizonti
1941 1795 2055 1866 ricinis,

710 1879 860 1954 stringebat
874 1880 1018 1955 superiori
1039 1881 1171 1954 margine
1190 1878 1299 1937 claram
1320 1895 1409 1936 uuam
1431 1880 1461 1936 in
1485 1879 1561 1937 llexu
1577 1878 1698 1956 Hydrae
1722 1880 1943 1952 australissimo,
1967 1897 2055 1938 unam

708 1966 783 2025 etiam
798 1964 955 2025 latitudine
978 1982 1033 2024 sua
1049 1966 1222 2042 occupabat,
1246 1968 1289 2025 sic
1308 1975 1341 2023 ut
1363 1965 1415 2023 illa
1438 1984 1474 2025 ex
1489 1965 1546 2024 hac
1569 1966 1704 2025 albedine
1727 1966 1809 2024 relut
1832 1984 1867 2025 ex
1890 1984 1956 2026 rara
1977 1969 2056 2027 nube

708 2054 850 2128 emicaret3
873 2053 943 2112 inde
965 2053 1152 2125 curvabatur,
1175 2055 1262 2129 quasi
1284 2069 1379 2128 usque
1402 2052 1439 2111 ad
1461 2052 1578 2113 stellam
1601 2053 1731 2131 Hydrae,
1754 2072 1830 2129 quae
1852 2057 1983 2130 proxime
2007 2071 2056 2113 eor

707 2136 818 2217 Hydrae
849 2144 984 2216 requitur
1013 2142 1042 2198 iu
1065 2140 1122 2199 flue
1143 2139 1270 2213 Leonis,
1305 2139 1449 2199 interdum
1474 2140 1590 2216 quidem
1615 2141 1690 2199 hanc
1712 2141 1826 2200 stellam
1850 2144 1994 2217 attingere
2017 2150 2057 2215 et,

706 2229 726 2283 ri
738 2229 959 2288 continuaretur
973 2236 1094 2301 tractus,
1115 2227 1206 2304 paulo
1228 2245 1314 2304 supra
1337 2244 1387 2286 cor
1400 2226 1521 2303 Hydrae
1537 2230 1703 2286 incessurus
1719 2227 1882 2287 videbatur.
1920 2228 2056 2287 Meminit

708 2322 732 2372 st
752 2313 865 2373 Remus
892 2314 991 2375 clarae
1019 2316 1047 2372 in
1071 2313 1189 2392 Hydra,
1222 2314 1259 2373 ad
1288 2331 1375 2389 quarn
1405 2332 1499 2391 usque
1526 2323 1611 2374 tensa
1638 2317 1724 2374 luerit
1754 2314 1856 2374 ultimo
1886 2317 1967 2374 trabs
1990 2318 2055 2389 ista,

709 2400 885 2478 longitudine
907 2401 967 2461 lere
990 2401 1161 2477 quadrantis
1185 2400 1294 2460 circuli.
1341 2402 1428 2460 Diem
1452 2419 1510 2460 non
1533 2405 1679 2479 apposuit.

799 2488 911 2548 Eodem
945 2488 1046 2567 ΠΜ.
1068 2489 1146 2548 Hov.
1175 2491 1271 2546 visum
1302 2506 1368 2547 csse
1389 2483 1582 2562 Witebcrgae
1610 2497 1754 2548 cometam
1783 2491 1899 2547 tertium
1930 2488 2057 2548 affirmat

707 2572 839 2648 Rhodius,
864 2574 968 2635 eodem
990 2574 1104 2636 Romae
1116 2574 1227 2634 Remus
1249 2575 1399 2652 additque,
1424 2577 1591 2635 distantiam
1615 2576 1748 2635 alaauce
1772 2576 1883 2634 boreali
1907 2574 1943 2633 4⁰
1964 2576 2055 2651 paulo

707 2665 792 2721 uiuus
807 2662 945 2723 deorsum
967 2663 1005 2722 ab
1021 2662 1082 2736 illa,
1106 2670 1136 2722 et
1153 2670 1187 2722 ut
1202 2662 1307 2722 ductus
1330 2671 1410 2722 totus
1425 2663 1543 2735 iudicat,
1566 2680 1641 2741 pene
1656 2671 1736 2722 recta
1758 2680 1860 2721 versus
1876 2662 2054 2740 eclipticam:

709 2757 759 2809 aar
780 2752 872 2825 igitur
892 2752 923 2808 in
949 2744 1046 2830 13¹t,·
1067 2760 1104 2826 ttt
1123 2750 1176 2810 lat.
1201 2746 1282 2833 ψ
1302 2750 1425 2810 boreali.
1470 2750 1557 2809 Hanc
1578 2760 1676 2809 tamen
1698 2750 1929 2825 magnitudinem
1953 2751 2056 2808 latitu-

711 2835 775 2895 diuis
790 2836 948 2898 defendere
964 2853 1030 2896 cum
1045 2839 1149 2897 ceteris
1165 2838 1337 2896 certioribus
1352 2854 1411 2896 non
1427 2855 1557 2914 possum.
1595 2839 1699 2914 ltaque
1714 2848 1796 2914 puto,
1820 2839 2055 2896 observationem

711 2932 863 3001 competere
880 2923 938 2984 diei
962 2926 1015 2984 28.
1038 2940 1134 2986 mane.
1174 2924 1241 2983 ltall
1265 2929 1352 2997 enim,
1376 2936 1563 2986 numerantes
1586 2926 1623 2984 ab
1647 2941 1754 2983 occasu
1770 2924 1857 2997 Solis,
1880 2926 2056 2984 transierunt

711 3008 863 3089 {requenter
893 3012 982 3071 horas
1009 3029 1079 3071 suas
1110 3011 1148 3069 ad
1178 3028 1289 3071 morem
1320 3016 1564 3087 astronomicum,
1599 3013 1707 3089 quibus
1736 3012 1797 3071 dics
1821 3015 1871 3070 27.
1895 3012 1923 3070 lr.
1951 3017 1987 3071 18
2012 3020 2057 3071 est

712 3099 836 3174 politicus
860 3100 912 3158 28.
935 3099 965 3158 lr.
991 3100 1019 3158 6.
1041 3101 1196 3160 matutina.

802 3182 1131 3268 Eodem18s28.Nov.
1154 3188 1251 3244 visum
1266 3186 1448 3247 wormatiae
1471 3186 1595 3246 affirmat
1609 3185 1780 3262 Welperus3
1804 3185 1906 3244 eodem
1929 3186 1959 3243 ln
1982 3189 2054 3244 anari

714 3269 835 3333 Balthico
847 3273 982 3333 Dantisei
996 3272 1162 3343 Arthuslus,
1179 3273 1281 3332 eodem
1295 3284 1323 3332 et
1336 3273 1476 3332 Coloniae
1488 3276 1525 3332 ad
1539 3274 1671 3332 lihenunr
1684 3274 1832 3349 Casparus
1843 3272 2054 3348 Herspachius,

715 3359 801 3421 eodem
832 3360 954 3420 Parisiis
986 3361 1017 3420 et
1043 3362 1153 3436 passim
1184 3362 1212 3418 in
1245 3360 1360 3435 Gallia,
1395 3360 1501 3420 Gallus
1532 3361 1742 3420 Proveucialis.
1787 3359 1900 3419 Eodem
1930 3360 2056 3436 denique

715 3450 852 3524 conspexit
875 3448 957 3506 illum
981 3456 1011 3507 et
1031 3448 1186 3523 Benjamiu
1211 3445 1347 3521 Ursinus,
1371 3458 1556 3507 astronomus
1578 3447 1759 3515 Hammona,
1783 3450 1860 3506 eirca
1882 3448 1980 3507 chelas
2003 3464 2055 3505 seu

716 3530 801 3594 lauces
814 3535 922 3594 Librae
937 3534 976 3594 ad
990 3537 1233 3594 aestimationem.
1268 3536 1331 3594 Etsi
1347 3552 1417 3593 vero
1433 3536 1463 3593 bi
1478 3544 1613 3594 auctores
1626 3535 1737 3594 nullutn
1752 3536 1864 3594 iaciunt
1877 3538 2055 3593 mentionem

716 3632 832 3682 muetos
856 3621 995 3694 secundi,
1019 3622 1104 3681 facile
1127 3630 1224 3681 tamen
1247 3639 1283 3680 er
1306 3623 1513 3682 observatione
1535 3622 1670 3681 Romana
1692 3621 1872 3697 intelligitur,
1897 3623 1974 3680 lrunc
1992 3623 2055 3697 jam

717 3722 766 3768 erte
787 3718 930 3769 cometam
953 3711 1085 3782 tertium,
1109 3727 1195 3785 quem
1217 3725 1273 3785 ego
1296 3709 1343 3768 die
1367 3713 1418 3768 ti.
1442 3709 1572 3768 nondum
1594 3709 1876 3769 animadvertebam:
1902 3727 1970 3768 narn
1994 3716 2057 3767 erat

716 3794 766 3869 tias
792 3805 881 3875 caput
910 3809 940 3857 et
966 3806 1031 3856 tota
1059 3795 1154 3856 cauda
1173 3797 1236 3872 jam
1259 3795 1401 3871 borealis,
1435 3796 1487 3855 illa
1510 3813 1580 3855 vero
1601 3797 1723 3857 secundi
1746 3805 1878 3856 cometae
1901 3796 1996 3856 cauda
2018 3795 2055 3855 de

718 3879 753 3941 die
770 3885 798 3941 in
821 3884 898 3943 diem
922 3884 1025 3944 abibat
1047 3886 1076 3941 in
1099 3892 1239 3943 austrum.

803 3969 946 4046 Quaestio
969 3979 1067 4030 tamen
1089 3981 1240 4048 superest,
1264 3987 1313 4028 cur
1337 3971 1543 4029 observatores
1564 3971 1607 4029 illi
1630 3988 1688 4030 non
1714 3970 1787 4030 duos
1810 3969 1897 4029 simul
1920 3969 2056 4028 animad-

718 4057 862 4117 verterint?
896 4060 942 4119 An
966 4061 1051 4133 quia,
1075 4067 1109 4116 ut
1130 4057 1227 4116 triduo
1249 4064 1337 4117 antea
1359 4057 1493 4117 Marsilio
1516 4058 1574 4127 illi,
1598 4057 1677 4118 clara
1698 4059 1759 4134 iam
1782 4075 1886 4117 aurora
1909 4056 2054 4116 secundus

722 4139 897 4220 ltpsmarat,
932 4148 1036 4206 tertius
1063 4144 1196 4205 claritate
1224 4161 1279 4203 sua
1307 4145 1460 4204 enitebat?
1497 4145 1571 4203 Mihi
1600 4163 1670 4206 vero
1700 4145 1846 4205 secundus
1869 4145 1950 4204 solus
1974 4147 2056 4201 visua

722 4226 755 4288 lie
772 4235 821 4305 hi,
844 4236 916 4310 quia
937 4235 1080 4292 maturius
1103 4233 1260 4291 observare
1283 4234 1385 4308 coepi,
1418 4235 1520 4291 tertius
1543 4250 1600 4292 non
1626 4236 1721 4306 risus,
1751 4236 1818 4308 quia
1843 4232 1889 4291 vel
1914 4232 2056 4289 maturius

726 4312 785 4391 ltaii,
806 4320 855 4380 rel
869 4324 1005 4379 sinistras
1028 4320 1189 4379 horizontis
1204 4327 1302 4396 partes
1325 4319 1459 4378 turbidus
1474 4324 1525 4378 aer
1542 4320 1711 4391 obvelabat,
1734 4320 1782 4378 vel
1799 4319 1917 4379 claritas
1934 4316 2055 4389 caudae,

723 4406 858 4466 amdam
882 4407 1048 4484 eclipticam
1072 4410 1131 4467 lere
1153 4415 1245 4475 tensa,
1269 4408 1479 4467 accensebatur
1502 4424 1626 4466 aurorae
1649 4406 1757 4465 lumini.

804 4494 860 4554 Dia
887 4489 924 4576 hl
951 4497 1003 4555 29.
1026 4494 1103 4553 Hov.
1127 4510 1213 4552 mane
1235 4492 1308 4551 lrora
1332 4494 1360 4564 5,
1384 4511 1449 4552 cum
1474 4494 1588 4553 coelum
1612 4494 1649 4552 ad
1672 4501 1850 4552 momentum
1875 4492 2058 4566 detegeretur

722 4574 778 4637 lutor
790 4590 868 4640 atras
890 4582 1030 4642 nuberet
1052 4590 1157 4640 ventos
1172 4581 1371 4654 vehementes,
1395 4599 1461 4639 cum
1477 4585 1572 4657 campi
1588 4590 1685 4641 essent
1700 4583 1770 4656 picti
1787 4579 1898 4652 nivrrla,
1922 4581 2058 4654 apparuit

725 4668 798 4726 leuen
819 4677 930 4729 tractus
952 4671 1008 4729 istc
1031 4667 1152 4728 secundi
1175 4678 1316 4742 cometae,
1340 4667 1392 4726 sed
1417 4668 1503 4727 valde
1527 4668 1637 4727 dilutus
1660 4685 1714 4728 uec
1737 4685 1867 4743 aequans
1890 4665 2056 4725 albedinem

723 4752 820 4815 raham
841 4775 861 4817 a
883 4756 970 4818 Luna
998 4754 1242 4830 illuminatarum
1274 4756 1336 4830 jam
1364 4757 1570 4832 porrigebatur
1595 4758 1671 4815 inira
1693 4755 1795 4815 stellas
1817 4758 1914 4832 spirae
1936 4751 2058 4829 Hydrae

727 4842 929 4904 tutralisalmae
951 4843 1085 4919 infraque
1108 4842 1208 4904 stellas
1230 4845 1361 4919 proxime
1383 4843 1439 4901 sub
1463 4842 1549 4902 corde
1568 4842 1697 4921 Hydrae,
1722 4853 1750 4902 et
1772 4841 1928 4901 videbatur
1951 4856 2058 4897 curva·

727 4928 770 4987 lut
787 4947 840 4993 aaa
861 4930 982 4992 tondere
1005 4932 1089 5007 quasi
1112 4932 1141 4988 ln
1165 4946 1215 4990 cor
1236 4929 1373 5006 Hydrae,
1407 4932 1450 4989 sic
1473 4938 1585 5003 tamen,
1609 4939 1642 4989 ut
1663 4932 1832 4989 extremitas
1855 4929 1919 5004 ejus
1941 4926 2058 5002 longius

729 5010 856 5078 tltrreta
880 5018 978 5091 corde,
1001 5035 1091 5096 quam
1113 5017 1216 5077 stellae
1239 5016 1318 5090 illas,
1342 5034 1418 5092 quae
1441 5034 1492 5076 cor
1512 5025 1684 5093 sequuntur.

804 5104 886 5167 Haeo
906 5105 1013 5167 ultima
1035 5104 1154 5166 secundi
1178 5111 1310 5165 cometae
1332 5103 1388 5163 luit
1410 5100 1627 5181 observatio.⁸)

782 5291 969 5355 mosea
996 5292 1049 5335 vu.
