5575 6342
1309 795 1348 844 ns
1366 792 1485 844 comam.
2030 791 2072 858 15

749 968 807 1051 (ride
831 986 867 1029 an
898 970 938 1026 sit
967 967 1121 1043 legendum
1144 967 1277 1038 Atetnri,
1309 979 1340 1028 ut
1370 969 1455 1044 cujus
1483 967 1588 1030 eadem
1609 967 1670 1028 lero
1691 965 1845 1045 longitudo
1869 985 1935 1027 cnm
1959 967 2070 1043 Spica?

749 1057 839 1116 t'riserns
856 1057 882 1103 in
901 1055 1028 1114 margine:
1054 1055 1127 1118 atqui
1151 1068 1240 1127 nomen
1259 1055 1350 1116 Spicae
1374 1057 1495 1116 repetitur
1515 1057 1540 1102 in
1560 1055 1717 1117 paragrapho
1737 1055 1768 1102 de
1787 1054 1909 1103 distantia
1927 1061 2070 1102 cornetaea

749 1130 816 1199 rsus),
836 1126 1027 1202 sequentibus
1056 1125 1158 1184 diebus
1187 1128 1240 1184 iter
1270 1126 1334 1201 ejus
1363 1128 1438 1185 inter
1469 1144 1552 1185 crure
1573 1125 1678 1184 Bootis
1709 1142 1810 1184 versus
1838 1127 1901 1201 eJus
1924 1127 2071 1184 sinistram

748 1230 842 1272 nanum
885 1212 921 1271 ln
954 1211 1101 1272 Schonero
1132 1211 1210 1270 idem
1243 1210 1494 1289 Regiomontauus
1525 1214 1576 1271 20.
1601 1212 1680 1286 Jan,
1713 1212 1742 1271 h.
1767 1230 1792 1272 e.
1819 1216 1835 1270 l
1870 1212 1973 1273 diebus
2004 1221 2072 1289 post

748 1298 803 1372 idus,
820 1302 899 1376 ponit
922 1317 988 1359 enm
1007 1299 1069 1375 jam
1093 1300 1121 1356 in
1145 1301 1209 1376 ipso
1234 1300 1352 1361 brachio
1370 1301 1483 1360 Bootis.
1523 1300 1675 1359 Pomanus
1698 1299 1801 1359 eadem
1824 1298 1860 1359 do
1876 1316 1929 1359 suo
1946 1308 2071 1373 cometa,

748 1404 809 1462 quen
827 1408 852 1447 a.
874 1389 965 1445 llll.
988 1388 1104 1463 scripsit
1126 1388 1324 1464 superioribus
1348 1389 1434 1447 annis
1458 1389 1637 1465 apparuisse,
1662 1388 1712 1445 ubi
1735 1386 1873 1447 ridiculus
1894 1387 2072 1466 Buntingus,

748 1476 782 1549 qui
798 1475 855 1533 hinc
877 1482 1020 1533 cometam
1043 1474 1080 1532 ad
1097 1491 1124 1532 a.
1144 1482 1237 1534 1477.
1260 1483 1391 1534 annotat.
1438 1479 1472 1551 3)
1498 1476 1602 1532 lliurni
1618 1474 1789 1550 magnitudo
1807 1477 1834 1530 in
1850 1473 1985 1533 Pontauo
2004 1470 2069 1548 30⁰,

749 1560 1001 1639 inRegiomontano
1026 1560 1154 1636 Zicgleri
1178 1560 1235 1620 40⁰
1266 1561 1364 1622 circuli
1392 1565 1504 1637 magni,
1536 1563 1677 1621 inusitata
1699 1564 1844 1636 utrinque.
1891 1556 1927 1644 t)
1952 1560 2071 1621 Caudae

749 1646 866 1725 longitudo
889 1651 919 1705 in
942 1647 1177 1725 Regiomontano
1201 1648 1355 1723 Schoneri,
1389 1652 1420 1707 in
1443 1649 1678 1725 Rogiomontsuo
1702 1649 1843 1726 Ziegleri,
1876 1651 1903 1706 in
1928 1650 2070 1722 Pontauo,

748 1733 821 1795 ntem
849 1732 904 1795 50¹³
936 1746 965 1795 et
998 1735 1085 1795 ultra.
1132 1731 1168 1817 ὁ)
1191 1736 1286 1812 Plaga
1318 1735 1447 1796 caudae:
1480 1736 1594 1795 Gemini
1627 1739 1655 1793 in
1688 1734 1836 1796 Schoncro
1868 1744 1896 1795 et
1926 1736 2070 1812 Zieglero.

749 1821 827 1897 Serto,
849 1831 876 1882 et
899 1823 978 1899 quod
1002 1830 1091 1900 capnt
1114 1834 1172 1898 est,
1204 1823 1343 1883 historiae
1367 1821 1446 1882 illius
1470 1825 1608 1901 temporis
1632 1832 1774 1882 cometam
1796 1826 1863 1882 anui
1891 1825 1983 1882 1472.
2007 1842 2071 1883 me-

748 1920 846 1983 norant,
875 1910 989 1968 nullum
1018 1929 1053 1970 ex
1084 1928 1161 1970 anuo
1188 1916 1279 1971 1175.
1325 1910 1477 1970 Pomanus
1504 1913 1583 1988 ipse,
1613 1928 1678 1969 curn
1701 1928 1778 1970 arrno
1805 1917 1898 1972 1411.
1922 1912 2069 1985 scriberet,

747 1999 912 2073 superioribus
936 2000 1019 2057 annis
1042 2000 1138 2057 risum
1161 2016 1226 2058 esse
1249 2006 1361 2057 tanturn
1386 2009 1415 2058 et
1434 1999 1522 2058 talem
1539 2008 1693 2077 cometam,
1717 1998 1863 2074 quomodo
1880 2000 1977 2076 putuit
1993 1998 2070 2058 obli·

747 2084 811 2158 naci,
839 2084 911 2143 duos
935 2085 1058 2144 duorum
1080 2102 1223 2145 annorum
1245 2085 1353 2154 luisse,
1386 2087 1412 2143 si
1435 2088 1502 2144 anni
1530 2092 1622 2145 1475.
1648 2087 1702 2144 luit
1725 2095 1783 2145 tam
1807 2088 1943 2163 insignis,
1980 2105 2069 2162 quarn

746 2187 792 2229 eun
810 2171 921 2232 exhibet
943 2172 1194 2248 Regiomontanus
1217 2172 1296 2250 apud
1320 2172 1502 2248 Zieglerum3
1527 2171 1674 2248 quonrodo
1697 2172 1849 2233 Pontanus
1873 2176 2068 2233 transmittere

744 2260 815 2332 potuit
843 2260 1008 2336 propiorem
1040 2262 1069 2317 iu
1097 2277 1173 2319 anno
1206 2262 1306 2332 1475,
1341 2278 1566 2320 commemorare
1601 2260 1683 2318 illum
1715 2263 1743 2318 iu
1772 2279 1850 2319 auno
1883 2264 1973 2318 1472.
2006 2264 2068 2320 siue

744 2343 899 2406 distinctione
922 2346 1087 2406 annorum?
1114 2347 1189 2406 Nam
1213 2347 1248 2406 de
1272 2364 1349 2406 anno
1376 2350 1467 2406 1472.
1491 2350 1621 2407 locutum
1644 2364 1708 2406 esse
1732 2347 1898 2407 Pontanum
1920 2351 2068 2424 agnovisti

743 2440 805 2505 ettu,
825 2432 924 2510 procul
948 2434 1037 2494 dubio
1061 2452 1097 2493 ex
1119 2433 1234 2509 adjecta
1257 2444 1328 2494 nota
1352 2437 1488 2494 stationis
1504 2436 1620 2494 Saturni
1637 2443 1666 2493 et
1680 2434 1783 2494 Martis
1799 2453 1897 2494 mense
1913 2435 2067 2495 Januario.

822 2536 907 2612 Quod
930 2540 1034 2597 attinet
1059 2539 1122 2613 ejus
1149 2548 1280 2597 cometae
1303 2538 1509 2613 trajectensem,
1535 2540 1575 2597 ita
1598 2547 1650 2609 cst,
1675 2548 1708 2597 nt
1729 2541 1839 2599 scribis.
1885 2539 1917 2598 Si
1940 2543 2016 2599 euim
2039 2543 2068 2598 in

741 2622 856 2700 principio
887 2626 942 2684 luit
971 2627 1109 2684 australis
1137 2625 1266 2701 indeque
1295 2625 1380 2702 polos
1410 2625 1653 2700 septentrionales
1684 2627 1815 2701 trajecit,
1842 2628 1937 2686 lactus
1959 2630 1988 2684 in
2012 2628 2068 2687 line

740 2724 828 2770 rursum
850 2711 994 2786 australis,
1020 2715 1136 2771 omnino
1160 2713 1329 2789 trajectoria
1343 2713 1399 2771 luit
1414 2713 1530 2784 inflexa,
1555 2712 1637 2787 cujus
1653 2714 1693 2771 rei
1710 2712 1786 2772 iacta
1803 2721 1847 2773 est
1861 2733 1880 2773 a
1894 2731 1940 2773 mc
1956 2717 2065 2775 mentio

740 2793 797 2856 libro
815 2796 849 2859 de
864 2798 958 2860 Stella
972 2800 1060 2860 Nova
1086 2808 1115 2860 et
1138 2802 1166 2857 iu
1190 2799 1357 2859 defensione
1381 2801 1445 2875 ejus
1467 2803 1635 2876 germanica
1658 2809 1758 2860 eontra
1780 2800 2068 2875 liiisliuumtrot.11.

740 2902 758 2949 r.
772 2892 821 2953 tta,
838 2893 860 2944 1.
878 2907 903 2955 p.
922 2895 1006 2960 set).
1034 2887 1087 2947 Sin
1110 2896 1208 2947 autern
1232 2890 1306 2945 situs
1329 2887 1378 2946 ille
1403 2887 1523 2946 initialis
1547 2906 1612 2946 cum
1634 2887 1729 2948 stellis
1746 2889 1875 2963 Virginis
1899 2888 2069 2963 intelligitur

741 2968 768 3028 de
785 2975 1055 3049 septentrionalibus
1077 2977 1107 3032 in
1130 2974 1205 3050 pede
1227 2981 1258 3033 et
1279 2974 1328 3033 ala
1351 2983 1380 3033 et
1403 2977 1506 3033 ricinis
1529 2974 1567 3033 ad
1591 2974 1708 3050 Spicum
1733 2975 1768 3035 de
1791 2976 1854 3035 sola
1876 2975 2067 3050 longitudine,

740 3055 773 3116 rel
793 3058 824 3119 de
843 3062 967 3119 Arcturo
992 3062 1039 3121 rel
1063 3062 1099 3121 de
1124 3061 1350 3121 Vindemietrice
1372 3078 1424 3138 per
1446 3061 1702 3121 hallucinationem
1726 3063 1816 3140 (quod
1839 3066 1893 3123 toti
1917 3062 1981 3138 ejus
2002 3078 2069 3121 cur-

737 3146 771 3202 tui
789 3157 828 3207 est
850 3149 1109 3224 accommodatius,
1134 3149 1318 3223 retrogradus
1342 3150 1419 3208 enim
1442 3150 1496 3208 luit
1520 3150 1548 3206 in
1572 3148 1714 3229 zodiaco),
1739 3162 1807 3209 tunc
1830 3168 1969 3210 concesso
1985 3158 2066 3208 motu

736 3226 823 3294 Terrae
846 3244 875 3295 et
897 3246 994 3295 stante
1018 3237 1188 3313 trajectione
1211 3236 1370 3307 rectilinea,
1395 3236 1480 3294 datur
1503 3236 1628 3295 latitudo
1652 3237 1747 3296 finalis
1770 3241 1798 3295 iu
1823 3247 1953 3297 austrum
1975 3239 2069 3295 minor

735 3314 868 3383 latitudine
892 3323 998 3382 initiali
1020 3327 1050 3382 in
1074 3326 1297 3402 septentriones,
1322 3326 1391 3399 quia
1415 3331 1529 3383 cometa
1552 3325 1667 3399 trajecit
1689 3325 1808 3400 planum
1825 3324 1978 3403 eclipticas
1993 3327 2068 3382 iutra

735 3407 840 3468 orbitam
862 3410 990 3470 Telluris
1013 3421 1042 3471 et
1064 3414 1107 3470 sic
1128 3413 1278 3488 proportio
1301 3413 1410 3487 proprii
1435 3410 1534 3469 circuli
1558 3429 1703 3488 apparens
1726 3428 1784 3470 uon
1808 3412 1841 3471 flt
1863 3413 1957 3487 major
1978 3414 2068 3471 semi-

733 3495 831 3556 circulo.
878 3498 994 3558 Accidit
1016 3502 1093 3559 enim
1116 3500 1193 3558 idem
1217 3500 1291 3570 lere,
1323 3498 1402 3574 quod
1429 3497 1574 3557 accideret
1596 3499 1686 3558 'i'erra
1709 3507 1803 3559 stante
1828 3509 1857 3559 et
1880 3507 1994 3558 cometa
2015 3516 2067 3576 per

732 3581 810 3658 ipsum
838 3584 939 3662 polum
970 3585 1122 3663 eclipticas
1151 3585 1323 3661 trajiciente.
1370 3583 1428 3644 Sed
1452 3588 1522 3662 quia
1544 3587 1730 3661 trajectiones
1753 3587 1860 3647 Terrae
1884 3597 1913 3646 ct
1935 3596 2066 3646 cometae

731 3669 777 3727 sihi
796 3683 896 3733 mutuo
921 3674 1078 3733 obviarunt
1101 3672 1331 3750 quodammodo,
1356 3673 1387 3731 fit
1411 3674 1589 3749 perturbatio
1612 3673 1767 3750 quaedam.
1812 3673 1871 3734 Res
1894 3677 1957 3732 sine
1980 3674 2067 3732 sche-

729 3766 793 3819 mate
814 3760 910 3819 solido
933 3761 1125 3821 demonstrari
1149 3763 1259 3836 nequit.
1297 3760 1407 3819 Eadem
1433 3760 1563 3818 obviatio
1586 3763 1614 3817 iu
1639 3779 1729 3820 causa
1751 3763 1839 3820 etiarn
1855 3762 1918 3834 luit,
1943 3776 1994 3819 cur
2008 3774 2067 3820 nou

729 3851 850 3907 manserit
882 3857 998 3907 cometa
1029 3852 1057 3906 in
1090 3847 1197 3908 circulo
1231 3864 1339 3922 magno
1370 3850 1518 3920 instituto,
1552 3849 1603 3907 ubi
1631 3848 1898 3924 Regiomontauus,
1932 3850 2067 3906 crassiori

727 3928 847 3995 llhrerra
877 3934 1020 4011 loquens,
1051 3939 1225 3996 contrarium
1257 3935 1320 4010 ojus
1349 3938 1468 4011 premit,
1500 3936 1579 4011 quod
1607 3935 1802 3994 schematismi
1826 3935 1947 4012 allegati
1969 3938 2067 4012 expri-

727 4030 812 4096 munt3
835 4023 962 4082 reflexus
984 4025 1070 4083 enim
1086 4025 1166 4082 visus
1190 4032 1234 4082 est
1257 4040 1360 4081 uersus
1377 4032 1478 4098 pectus
1494 4022 1682 4098 Cassiopeae,
1705 4031 1836 4082 ventrem
1852 4023 2066 4097 Andromedae,

726 4104 827 4168 Piscem
852 4119 881 4169 et
905 4110 1018 4170 Cetum.
1064 4111 1163 4170 (lausa
1186 4119 1239 4184 est,
1264 4112 1334 4185 quia
1357 4127 1441 4169 arcus
1465 4110 1577 4168 orbitae
1600 4110 1742 4183 Telluris,
1768 4128 1853 4186 quem
1877 4110 1968 4170 Terra
1990 4118 2067 4170 tenr-

726 4211 784 4270 pore
814 4197 977 4257 durationis
1007 4199 1133 4275 traiecit,
1166 4199 1221 4257 sub
1251 4200 1317 4273 ipsa
1346 4197 1514 4272 trajectoria
1542 4205 1674 4256 cometae
1703 4200 1731 4255 in
1761 4198 1911 4273 obliquum
1933 4197 2067 4257 nonnihil

724 4279 839 4358 deflexit,
864 4294 896 4344 ut
919 4303 978 4344 non
1001 4295 1079 4346 esset
1100 4304 1180 4345 nrcra
1203 4286 1345 4344 obviatio.
1384 4284 1468 4344 Haec
1491 4286 1577 4344 etiam
1601 4282 1741 4344 notabilis
1763 4294 1894 4346 cornetae
1917 4286 2066 4345 aberratio

723 4372 861 4430 scirculo
883 4390 991 4449 magno
1015 4377 1182 4450 apparentis
1205 4382 1301 4431 motus
1323 4375 1427 4446 arguit,
1452 4372 1648 4446 traiectoriam
1665 4373 1753 4431 luisse
1770 4372 1856 4432 valde
1872 4375 2067 4450 propinquam

722 4461 808 4517 cursui
830 4459 973 4533 Telluris,
997 4464 1040 4519 sic
1063 4468 1095 4519 ut
1117 4462 1189 4520 haec
1213 4478 1247 4518 er
1272 4458 1391 4534 obliquo
1416 4460 1547 4518 obviatio
1571 4458 1696 4518 Telluris
1719 4458 1756 4517 ad
1780 4459 1860 4518 illum
1884 4459 1971 4519 valde
1994 4478 2065 4519 sen·

722 4545 804 4604 sibilis
828 4555 915 4606 essct.
959 4546 1026 4608 Hoc
1048 4551 1136 4625 igitur
1158 4555 1244 4625 pacto
1268 4546 1401 4606 salvatus
1425 4552 1469 4605 est
1492 4554 1571 4605 totus
1595 4545 1673 4603 illius
1698 4555 1829 4606 cometae
1853 4564 1962 4606 cursus.
2002 4548 2066 4606 Etsi

723 4634 790 4691 euim
811 4633 1065 4710 Regiomontanus
1087 4636 1254 4713 scrupulum
1277 4642 1391 4706 movet,
1421 4632 1488 4692 dum
1511 4635 1568 4706 ait,
1594 4639 1738 4692 cometam
1761 4634 1863 4692 ultimo
1887 4633 2066 4694 occultatum

720 4718 821 4782 heliace
853 4740 919 4781 cum
946 4723 1038 4782 stellis
1062 4725 1142 4797 Ceti,
1173 4741 1239 4781 eum
1267 4721 1439 4781 decurrisset
1462 4739 1513 4796 per
1535 4719 1747 4795 longitudinem
1769 4720 1862 4781 Piscis
1885 4720 2013 4780 borealis
2037 4731 2067 4781 et

719 4811 787 4868 cirea
805 4809 859 4869 15υ
877 4812 913 4884 Υ
939 4812 1090 4872 zodiacum
1114 4811 1284 4885 trajecisset,
1308 4826 1343 4867 er
1368 4827 1427 4884 quo
1451 4808 1539 4867 ductu
1563 4810 1628 4883 quis
1647 4817 1747 4882 posset
1763 4808 1924 4882 intelligere
1940 4808 2067 4867 caudam

719 4897 775 4957 Ceti
806 4897 853 4956 vel
882 4898 947 4973 ejus
974 4899 1216 4976 quadrilaterum,
1247 4899 1345 4972 itaque
1376 4895 1501 4955 latitudo
1524 4894 1660 4954 australis
1682 4893 1750 4953 hino
1772 4904 1938 4970 argueretur
1961 4896 2066 4970 major,

719 5002 798 5061 quam
822 4987 906 5045 initio
929 4985 1054 5048 latitudo
1076 4984 1312 5063 septentrionalis
1329 4993 1400 5058 erat,
1425 4982 1543 5059 qnando
1559 4984 1613 5041 luit
1628 4999 1693 5041 cum
1712 4981 1803 5040 stellis
1820 4984 1848 5038 in
1864 4981 1912 5039 ala
1927 4979 1974 5038 vel
1988 4981 2066 5055 pede

717 5072 946 5150 septentrionalis
961 5076 1100 5151 Virginis,
1123 5081 1152 5132 et
1173 5074 1216 5131 sio
1238 5071 1305 5150 plus
1319 5071 1500 5130 semicirculo
1517 5070 1687 5129 coniecisset
1704 5067 1750 5127 hic
1766 5075 1893 5126 cometa:
1918 5074 2067 5128 utcontra

716 5160 865 5239 perpende,
890 5163 970 5236 quod
992 5162 1072 5222 aliud
1093 5164 1141 5233 sit,
1165 5176 1272 5219 occasu
1295 5158 1410 5218 beliaco
1431 5157 1572 5218 abscondi
1595 5175 1660 5216 eum
1683 5153 1775 5213 stellis
1799 5154 1872 5227 Ceti,
1895 5151 1976 5210 aliud
1992 5169 2067 5210 con·

712 5248 794 5326 jungi
815 5266 880 5309 enm
902 5249 995 5311 stellis
1018 5250 1096 5324 Ceti,
1127 5255 1157 5307 et
1179 5247 1322 5323 contingit
1343 5245 1373 5306 id
1395 5249 1468 5305 satis
1489 5245 1577 5321 longe
1601 5242 1794 5315 distantibus;
1823 5237 1970 5316 perpende
1998 5255 2067 5299 um·
