5575 6342
1169 824 1232 881 Inh.
1252 826 1272 881 1.
1297 826 1410 880 Cometa
1428 824 1493 879 auui
1511 824 1589 880 1607.

960 1000 1015 1059 Eat
1036 1000 1144 1079 eliqua
1163 1002 1290 1077 pradm
1311 1010 1406 1071 taras,
1428 1005 1455 1061 ei
1476 1020 1540 1063 rrcn
1561 1001 1657 1060 datar
1678 1002 1772 1073 adae,

958 1089 1059 1146 Et-
1082 1123 1125 1135 -
1151 1122 1190 1133 -
1215 1123 1255 1134 -
1280 1090 1320 1148 Ia
1341 1093 1462 1166 mapale
1485 1098 1513 1148 et
1535 1091 1662 1149 columae
1683 1096 1733 1147 sot
1754 1097 1804 1148 eet.

731 1175 809 1250 llaque
830 1176 909 1234 euim
932 1175 1048 1251 glorior,
1075 1194 1121 1235 me
1144 1178 1320 1254 ipsissimam
1344 1177 1539 1252 traiectoriam
1563 1184 1694 1236 cometae
1718 1176 1874 1235 detexisse.

811 1260 907 1321 Altior
930 1262 1047 1338 quidem
1072 1271 1101 1323 et
1123 1282 1141 1322 a
1163 1263 1281 1324 Tellure
1303 1267 1442 1324 remotior
1464 1282 1522 1324 non
1546 1265 1608 1337 init,
1632 1281 1721 1340 qnam
1745 1282 1800 1339 ego
1824 1263 1908 1338 dicc;
1932 1278 1970 1321 an
1994 1280 2064 1323 vero

728 1362 769 1407 rou
788 1349 873 1408 inerit
893 1351 969 1409 inter
991 1352 1075 1409 initia
1097 1351 1186 1426 paulo
1209 1354 1343 1429 propior,
1367 1353 1518 1423 incertum,
1542 1351 1631 1426 idque
1656 1350 1732 1424 ideo,
1758 1354 1827 1426 quia
1843 1351 2065 1411 observationes

728 1452 769 1493 rou
795 1443 954 1511 potuerunt
981 1437 1036 1497 hae
1064 1440 1130 1497 vice
1159 1442 1354 1498 accuratiores
1385 1456 1459 1498 esse.
1504 1439 1620 1498 Etenim
1643 1456 1695 1515 per
1717 1437 1801 1497 laxas
1826 1439 2064 1497 observationum

728 1523 788 1597 leges
814 1524 935 1583 libertas
963 1527 1050 1589 nohis
1081 1524 1182 1603 aliqua
1212 1536 1242 1586 et
1272 1526 1433 1604 amplitudo
1468 1528 1556 1605 spatii
1588 1526 1777 1601 relinquitur,
1810 1527 1840 1582 in
1869 1526 1953 1600 cujus
1981 1535 2064 1603 parte

729 1628 883 1686 quacunque
907 1612 1060 1687 trajectum
1084 1622 1216 1673 commea
1239 1618 1462 1673 constituamus.
1508 1612 1621 1689 Quodsi
1644 1612 1815 1689 scrupulose
1837 1612 1940 1671 suisset
1962 1616 2064 1672 ohser-

729 1706 794 1755 rstue
815 1706 941 1773 cometa,
963 1712 1022 1757 nun
1046 1708 1159 1758 tantuna
1180 1701 1347 1777 parallaxes
1370 1700 1492 1758 diurnae
1515 1700 1686 1759 definissent
1715 1700 1846 1774 aliquam
1870 1703 2064 1774 quantitatem

728 1787 1011 1861 dreamseriptiorem,
1043 1804 1131 1863 quam
1154 1796 1287 1848 cometae
1310 1788 1435 1847 altitudo
1458 1796 1538 1845 certo
1561 1794 1729 1862 superaret,
1762 1788 1849 1861 idque
1872 1788 1922 1844 via
1944 1790 2013 1846 trlta
2036 1800 2065 1847 et

729 1874 823 1943 reluta,
847 1872 901 1931 sed
924 1876 989 1949 ipsa
1011 1877 1100 1933 etiam
1123 1875 1196 1934 haec
1212 1875 1375 1947 methodus,
1400 1892 1455 1934 usa
1470 1874 1648 1933 adminiculo
1664 1874 1831 1932 diurnarum
1847 1878 2064 1950 promotionum

729 1968 838 2019 anetae
868 1961 1040 2038 scrupulose
1073 1964 1270 2037 cognitarum,
1304 1965 1332 2020 in
1362 1964 1526 2021 arctissimo
1555 1978 1609 2020 uos
1638 1964 1733 2039 spatio
1757 1964 1947 2019 constitueret
1970 1963 2064 2021 eollo-

730 2045 819 2105 candae
839 2048 1026 2121 trajectoriae
1049 2047 1153 2109 lineae.
1198 2049 1290 2108 Simul
1314 2057 1413 2108 autem
1436 2057 1466 2109 et
1480 2049 1538 2108 hoc
1552 2048 1618 2107 inde
1635 2048 1796 2119 eliceretur,
1822 2065 1927 2106 verene
1942 2049 1980 2107 ab
1997 2051 2062 2124 ipso

729 2135 849 2210 principio
871 2135 967 2194 lineae
990 2138 1136 2212 tangentis
1159 2136 1351 2213 quadrantem
1373 2136 1558 2212 incipiendus
1581 2145 1660 2196 esset
1675 2134 1745 2194 ordo
1762 2136 1966 2210 traJ‘cetionum
1982 2135 2063 2194 diur-

729 2234 819 2293 narum,
842 2237 880 2279 su
906 2220 953 2281 die
976 2224 1026 2283 2³.
1050 2220 1143 2299 Sept,
1166 2240 1226 2299 quo
1249 2224 1296 2284 die
1314 2226 1440 2300 primurn
1456 2232 1501 2282 est
1516 2223 1738 2282 animadversus
1754 2232 1867 2281 cerneta
1883 2225 1952 2281 anni
1969 2228 2062 2296 1607,

729 2309 803 2383 portio
825 2307 930 2369 diuma
952 2309 1092 2384 trajectus
1112 2309 1174 2385 jam
1198 2311 1313 2387 aliquot
1334 2310 1474 2389 gradihus
1497 2311 1669 2386 quadrantis
1690 2328 1708 2368 a
1727 2318 1864 2368 contactu
1880 2326 1932 2368 seu
1949 2328 1967 2367 a
1982 2312 2063 2387 prin-

728 2396 787 2470 cipio
807 2394 904 2455 lineae
926 2399 1074 2472 tangentis
1096 2398 1246 2459 abluisset.
1278 2399 1362 2458 Nunc
1385 2400 1462 2458 enim
1479 2401 1508 2455 in
1525 2415 1625 2458 crassa
1641 2399 1846 2457 observatione
1862 2399 1943 2472 prius
1959 2397 2061 2456 horum

728 2492 766 2558 pro
786 2490 862 2542 certo
885 2484 941 2541 luit
963 2484 1180 2545 assumendum.

811 2567 967 2647 Utcunque
996 2588 1042 2631 res
1073 2572 1196 2643 haheat,
1235 2580 1312 2632 certe
1341 2573 1536 2646 theoremata,
1575 2573 1682 2647 quibus
1711 2572 1739 2627 in
1769 2573 1915 2646 praesenti
1948 2579 2063 2630 cometa

726 2672 785 2731 opus
804 2656 910 2727 habui,
933 2657 1083 2735 generalia
1105 2668 1173 2718 sunt
1195 2667 1392 2737 possuntque,
1416 2663 1441 2717 sl
1464 2676 1522 2718 non
1546 2662 1644 2716 omnia
1667 2659 1811 2730 omuibus,
1836 2659 1942 2735 potiori
1965 2666 2061 2716 tamen

724 2752 790 2819 parre
811 2744 956 2822 plerisque
979 2746 1047 2805 aliis
1070 2749 1190 2807 cometis
1214 2746 1447 2806 demonstrandis
1469 2749 1622 2818 inservire,
1655 2748 1827 2821 praesertim
1850 2745 1924 2818 illis,
1958 2748 2008 2821 qui
2033 2748 2062 2803 in

724 2830 920 2910 hemisphaerio
944 2833 1022 2892 Sulis
1053 2833 1170 2908 directi,
1203 2844 1255 2893 aut
1283 2836 1311 2893 in
1338 2835 1482 2893 contrario
1505 2832 1665 2908 retrogradi
1689 2842 1771 2907 snnt;
1803 2832 1929 2909 denique
1961 2833 2062 2908 aliquo

724 2920 796 2977 eiam
817 2919 855 2979 ad
879 2919 944 2980 illos
968 2929 1098 2980 cometas
1122 2938 1186 2981 sese
1209 2921 1378 2995 extendunt,
1403 2924 1453 2997 qui
1477 2920 1523 2980 vel
1547 2924 1575 2978 in
1600 2921 1815 2996 hemisphaerio
1832 2920 1909 2979 Solis
1931 2934 1999 2979 sunt
2014 2936 2063 2978 re-

725 3006 844 3083 trogradi,
868 3016 901 3065 ut
923 3007 966 3066 illi
990 3017 1047 3068 tres
1070 3011 1139 3067 anui
1165 3010 1257 3081 1618,
1282 3008 1330 3066 vel
1352 3011 1381 3066 in
1404 3011 1550 3066 contrario
1574 3008 1684 3068 directi.
1731 3008 1837 3084 ltaque
1860 3015 1952 3066 totum
1976 3007 2062 3066 libel-

723 3091 771 3152 hm
790 3096 818 3152 in
839 3094 913 3154 duas
926 3102 1025 3171 partes
1041 3095 1144 3154 divisi:
1167 3098 1282 3173 priori
1305 3104 1408 3171 parte
1429 3095 1555 3171 expedio
1571 3095 1834 3155 demonstrationes
1850 3095 2061 3153 theorematum

724 3181 897 3255 generalium,
920 3183 970 3239 uhi
987 3182 1051 3258 lege
1067 3186 1177 3243 usitata
1192 3182 1414 3252 mathematicis,
1438 3184 1607 3258 praesertim
1626 3182 1748 3253 Euclidi,
1768 3180 1936 3256 Apollonio,
1961 3181 2061 3239 Theo-

724 3266 801 3342 dosio,
823 3268 991 3341 Barlaamo,
1015 3269 1197 3343 Ptolemaeo,
1221 3273 1375 3347 praemitto
1399 3269 1583 3327 definitiones
1606 3280 1635 3327 et
1658 3278 1798 3339 assumta,
1823 3284 1900 3343 pono
1924 3271 2060 3344 preposi-

721 3356 800 3415 tiouea
822 3355 1000 3431 easdemque
1023 3368 1122 3433 repeto
1146 3361 1175 3416 in
1200 3378 1454 3435 προπαραωιευαις
1475 3356 1609 3416 literariis
1625 3356 1663 3415 ad
1680 3357 1798 3414 schema
1813 3356 2059 3430 accommodatis3

722 3452 771 3501 mm
792 3443 968 3502 demonstro.

811 3530 910 3589 Habet
937 3531 1011 3591 haec
1042 3549 1087 3590 res
1119 3531 1247 3606 aliquam
1275 3530 1483 3589 obscuritatem
1513 3529 1592 3604 apud
1622 3530 1760 3589 lectorem
1789 3530 2059 3589 mathematicorum

720 3612 987 3678 demonstrationum
1010 3622 1188 3694 imperitum,
1223 3635 1311 3694 quam
1341 3626 1489 3692 praestare
1513 3634 1569 3675 non
1593 3634 1730 3694 possum:
1762 3618 1832 3675 illud
1858 3630 1966 3676 certum
1991 3619 2061 3676 mihi

719 3712 765 3775 eat,
786 3708 835 3780 qui
851 3705 1001 3782 Apollonii
1019 3707 1134 3779 Conica,
1160 3708 1268 3781 quippe
1289 3703 1381 3762 multo
1397 3702 1560 3762 difficiliora
1575 3705 1628 3774 his,
1654 3704 1837 3778 intellexerit,
1862 3705 1988 3764 illumin
2006 3706 2061 3763 hac

717 3792 800 3864 prima
821 3802 906 3868 parte
927 3794 1014 3869 plane
1035 3793 1106 3851 nihil
1130 3792 1349 3851 haesitaturnm.
1390 3792 1453 3851 Sclt
1467 3794 1544 3851 enim
1562 3791 1619 3863 ille,
1644 3808 1702 3850 non
1718 3810 1806 3868 posse
1821 3810 1939 3852 sensum
1954 3792 2060 3866 hujus-

717 3878 785 3936 modi
815 3882 1049 3959 propositionum
1079 3879 1418 3954 demonstrationumqne
1447 3882 1578 3937 cursoria
1604 3879 1729 3938 lectione
1751 3882 1876 3956 percipi,
1910 3880 1960 3939 sed
1986 3895 2061 3954 opus

718 3982 774 4024 erse
796 3968 897 4027 erebra
920 3968 1099 4027 schematum
1122 3969 1311 4044 inspectione,
1335 3967 1493 4036 literarum,
1518 3984 1592 4042 quas
1616 3974 1713 4025 textus
1729 3968 1855 4039 exhibet,
1881 3969 1908 4022 in
1925 3966 2061 4025 schema-

717 4053 784 4113 tibus
806 4056 994 4132 inquisitione
1017 4062 1171 4128 textusque
1193 4056 1381 4131 repetitione:
1406 4054 1507 4128 itaquc
1530 4055 1723 4128 voluptatem,
1747 4071 1834 4129 quam
1857 4056 1933 4128 parit
1955 4054 2059 4111 harum

717 4141 879 4219 scripturum
902 4141 1007 4214 lectio,
1031 4158 1089 4199 nou
1112 4159 1146 4200 ex
1172 4143 1319 4201 celeritate
1343 4143 1553 4219 perceptionis,
1586 4152 1619 4198 ut
1643 4143 1804 4199 orationum
1829 4152 1858 4199 ct
1880 4146 2060 4215 pudruaturn,

718 4226 761 4286 ted
790 4244 825 4288 ex
858 4228 1029 4289 certitudine
1060 4231 1102 4287 rel
1131 4232 1161 4287 et
1189 4230 1306 4305 ingenio
1338 4233 1466 4288 auctoris
1495 4245 1559 4287 esse
1586 4228 1744 4304 petendam
1770 4236 1799 4287 et
1822 4227 2058 4303 exspectandam.

718 4311 793 4375 llaec
816 4317 970 4391 igiturest
992 4316 1085 4394 prima
1107 4314 1196 4374 libelli
1219 4333 1295 4392 pars.

812 4402 988 4463 Secunda
1010 4419 1098 4479 pars
1121 4404 1219 4461 eadem
1242 4402 1302 4462 iere
1322 4402 1461 4461 methodo
1478 4404 1617 4461 instructa
1635 4409 1680 4462 est
1695 4419 1754 4479 qua
1769 4403 1855 4477 prior.
1895 4400 1967 4459 Cum
1983 4402 2059 4459 eninr

719 4490 750 4547 alt
769 4489 996 4550 demonstranda
1019 4488 1143 4548 altitudo
1166 4498 1195 4548 et
1209 4493 1322 4565 integer
1338 4491 1476 4564 traiectus
1491 4492 1576 4549 unius
1593 4497 1724 4550 cornetae
1740 4487 1904 4564 singularis,
1930 4498 2060 4546 assumta

719 4592 825 4653 quoque
855 4576 1016 4653 singularia
1042 4576 1254 4652 praemittenda
1283 4578 1408 4635 inerunt.
1453 4577 1649 4636 Theoremata
1679 4575 1796 4652 quidem
1826 4578 1938 4651 primae
1969 4578 2059 4650 partis

717 4667 838 4723 senium
860 4666 891 4721 in
914 4672 997 4741 parte
1019 4663 1148 4723 secunda
1170 4680 1222 4739 pro
1246 4658 1459 4736 axiomatibus;
1483 4666 1583 4741 ltaque
1605 4683 1663 4724 nou
1688 4681 1761 4741 opus
1783 4664 1837 4721 luit
1853 4663 1905 4720 illa
1920 4665 1951 4719 in
1966 4663 2060 4722 fronte

717 4754 812 4827 repeti,
835 4758 901 4811 tota
925 4753 1002 4811 enim
1023 4768 1090 4827 pars
1113 4753 1190 4827 prior
1211 4755 1241 4810 iu
1263 4752 1357 4810 fronte
1381 4749 1526 4809 collocata
1547 4760 1593 4810 est
1612 4754 1684 4828 parti
1703 4751 1795 4810 alteri.
1835 4752 1974 4809 Assnmta
1989 4765 2059 4808 vero

716 4839 876 4915 augularis,
900 4855 978 4914 quae
1000 4844 1129 4898 cometas
1151 4846 1266 4899 nostros
1288 4841 1422 4911 attinent,
1446 4847 1515 4896 sunt
1538 4855 1636 4898 corum
1654 4839 1884 4898 observationes.
1922 4837 1986 4895 Has
2003 4838 2059 4913 igi-

717 4932 757 4983 tsr
776 4926 853 4985 alius
876 4925 971 4985 nudas
992 4927 1147 5001 posuisset,
1170 4935 1203 4984 ut
1225 4929 1351 5003 speciem
1375 4934 1570 4985 assumturum
1594 4930 1658 5003 ipsa
1679 4928 1765 4984 etiam
1780 4926 1924 4984 brevitate
1940 4941 2059 5000 reprae-

720 5020 874 5073 teutareut:
898 5030 954 5089 ege
977 5015 1007 5070 lu
1030 5020 1144 5072 cometa
1158 5015 1226 5071 anui
1247 5015 1337 5071 1601.
1362 5013 1449 5071 simul
1471 5030 1566 5071 meam
1589 5013 1685 5085 fidem,
1710 5013 1798 5070 simul
1821 5014 2058 5072 observationum

720 5100 905 5159 auditionem
929 5100 1137 5171 declaraturus,
1160 5100 1311 5159 historiam
1335 5100 1573 5159 observationum
1593 5109 1621 5159 et
1637 5103 1868 5159 circumstantias
1884 5102 1979 5175 posui,
2003 5097 2059 5156 ad-

719 5184 769 5247 litc
790 5186 1006 5263 calculo,-qno
1030 5188 1248 5247 observationes
1269 5187 1306 5246 ad
1332 5197 1426 5246 certes
1449 5188 1602 5264 eclipticae
1624 5188 1731 5264 gradm
1754 5186 1973 5259 reducerentur,
1996 5194 2057 5243 tum

723 5271 826 5334 demum
850 5277 938 5351 posui
963 5275 1201 5334 observationum
1224 5274 1389 5351 catalogum
1412 5278 1441 5359 iu
1466 5275 1584 5335 tabella.
1630 5276 1671 5335 At
1686 5282 1864 5335 cometarum
1878 5277 1946 5335 anui
1966 5272 2057 5332 1618.

1799 5379 1849 5437 4*
