5575 6342
1318 766 1467 826 Dedicctio.
2004 773 2068 843 165

713 965 780 1009 meo
803 947 954 1026 vobisque
976 949 1201 1026 consangnineis
1224 947 1288 1024 ejus
1309 947 1479 1024 nominique
1501 946 1616 1009 Brsheo
1639 948 1845 1027 praestandum
1860 948 1916 1010 boe
1931 949 2067 1026 officinm,

716 1038 843 1112 ejusque
868 1037 1004 1115 pmmtiet
1028 1036 1232 1097 documentum
1247 1034 1304 1095 hue
1316 1033 1453 1112 publicae
1469 1033 1661 1096 dedicationis
1679 1036 1823 1097 edendum
1839 1041 1955 1109 censui,
1979 1039 2066 1115 qnod,

714 1125 766 1182 nbi
789 1143 809 1183 s
833 1123 1000 1185 Christiano
1022 1123 1155 1184 Severini
1176 1123 1424 1200 bongimontano,
1453 1121 1522 1182 olim
1545 1122 1662 1200 quidem
1685 1124 1816 1202 Tycbeni
1839 1142 1858 1183 u
1881 1123 1993 1184 calculo
2017 1144 2068 1202 per

713 1228 808 1271 euncs
840 1211 915 1272 benc
944 1210 1068 1284 multos,
1099 1227 1176 1270 nunc
1205 1227 1274 1271 vcro
1304 1210 1460 1287 professori
1488 1219 1655 1271 astronomo
1678 1213 1708 1270 in
1731 1210 1881 1272 academie
1903 1211 2066 1287 Hefuicnsi,

714 1300 811 1358 amieo
838 1315 921 1372 mco,
951 1298 1134 1377 comprobari
1156 1296 1376 1374 collauderiqne
1399 1297 1544 1372 videritis,
1573 1297 1659 1359 bileri
1682 1299 1766 1357 vultu
1788 1305 1989 1376 acceptaturus
2012 1316 2066 1359 vos

715 1392 745 1446 et
773 1402 879 1462 spere,
912 1392 943 1446 et
971 1394 1005 1446 nt
1031 1393 1115 1463 grets
1146 1386 1231 1445 vobis
1253 1385 1326 1445 hece
1348 1401 1415 1444 men
1436 1392 1535 1445 strena
1556 1388 1609 1459 sit,
1643 1387 1731 1445 ctiam
1763 1392 1851 1462 etque
1874 1388 1961 1444 etium
1984 1402 2065 1464 rogo,

715 1474 911 1551 omnibusque
944 1481 974 1533 et
1001 1471 1124 1550 singulis
1154 1473 1266 1546 Vobis,
1300 1472 1377 1531 Viris
1408 1472 1615 1546 nobilissimis,
1650 1473 1747 1533 officis
1776 1491 1841 1532 mee
1872 1475 2066 1548 promtissime

716 1561 873 1620 denuncio.
912 1559 1028 1620 vetere.
1071 1559 1205 1621 Viennae
1236 1561 1372 1620 Austriee
1403 1558 1540 1619 Calendis
1563 1560 1714 1621 Jcnusriis
1742 1563 1809 1623 nuni
1838 1559 2066 1621 Christianorum

717 1647 887 1711 Occidentis
909 1646 1102 1707 MDCXXV.

1236 1817 1274 1882 G.
1298 1819 1335 1880 G.
1358 1819 1456 1881 Ncbb.
1480 1820 1516 1882 V.
1539 1839 1568 1879 v.

1392 1994 1493 2055 Cultor
1511 1996 1704 2072 obsequiosus

1623 2169 1765 2252 ioannes
1793 2171 1957 2277 ffcpfcrns,

1512 2288 1670 2360 Germanus,
1688 2290 1876 2346 &nonomine
1894 2293 2064 2364 Tychonicse

1723 2359 1874 2417 Professor.

1288 2578 1494 2589 m

1034 2833 1149 2918 bnsus
1175 2833 1219 2915 dc
1244 2831 1352 2916 titulo
1378 2833 1490 2936 deque
1517 2832 1613 2936 styfe
1639 2833 1744 2919 iibri.

923 3009 979 3064 Res
997 3015 1040 3064 est
1056 3007 1165 3077 ingenii,
1183 3023 1233 3064 cnr
1250 3014 1315 3062 suut
1331 3007 1414 3063 verbe
1431 3007 1542 3063 horrid's
1558 3007 1664 3078 Mortis,

970 3096 1145 3164 Hcercutque
1162 3109 1236 3149 arms
1253 3093 1344 3163 armis,
1362 3109 1413 3164 pes
1430 3094 1500 3163 pede
1518 3094 1612 3165 virque
1630 3096 1706 3157 ‚sirei

920 3182 1052 3239 Nimirum
1070 3182 1134 3252 quin
1151 3182 1236 3238 claret
1252 3182 1341 3251 Equo,
1360 3181 1407 3252 qui
1425 3182 1571 3252 scripserat
1587 3183 1690 3239 ANTI:

974 3270 1051 3328 Alter
1068 3271 1113 3327 hic
1130 3270 1158 3325 in
1177 3269 1282 3340 siguum
1300 3270 1410 3340 scripsit
1427 3271 1537 3327 bononis
1551 3273 1657 3327 ἩῙΕΡ.

1142 3499 1241 3584 fiius
1267 3499 1305 3582 tn
1333 3498 1630 3584 dissenentium.

919 3674 1239 3742 Ductor-Eques:
1258 3673 1364 3729 Mirum.
1401 3673 1430 3728 Si
1448 3689 1556 3730 censum
1573 3676 1683 3744 quaeris
1700 3676 1827 3731 boueris:

974 3763 1041 3818 Rem
1059 3760 1129 3830 gerit
1145 3761 1172 3815 iu
1190 3765 1292 3823 Neriene
1309 3760 1416 3816 fortiter
1433 3763 1688 3833 Anti-Tycho.

921 3849 1111 3920 Keplerid
1123 3863 1160 3903 cs
1178 3866 1225 3906 cur
1242 3865 1296 3904 non
1315 3850 1351 3905 sit
1369 3850 1471 3918 Eques,
1489 3865 1567 3919 quem
1585 3849 1688 3920 pellere
1705 3852 1780 3906 rivus

972 3938 1033 3993 Nou
1052 3943 1117 4006 pote
1135 3935 1255 3992 defuncti
1272 3952 1386 4007 corpere
1404 3938 1724 4008 Ductor-Eques?

1565 4103 1692 4160 Paulus
1714 4105 1955 4175 Prunmnistsr,

1696 4200 1769 4256 filins
1786 4200 1806 4258 f.

1499 4293 1609 4340 Vtenuse
1628 4290 1741 4341 dusmiso
1757 4295 1785 4342 iu
1802 4295 1907 4355 medem
1925 4298 2043 4359 eneceris,

1663 4361 1770 4424 hospitis
1788 4365 1835 4413 sui.
