5575 6342
1288 753 1386 848 Libelli
1404 797 1471 847 tras.
1598 791 1605 807 '
2011 791 2054 859 47

719 980 812 1045 nure,
835 976 867 1030 et
890 968 1031 1030 conficere
1053 977 1202 1046 superatos
1225 969 1318 1047 (qnod
1340 984 1444 1046 precor
1466 969 1632 1029 diuturnum
1655 986 1722 1031 esso
1743 965 1887 1052 maxime)
1911 977 1940 1029 et
1961 976 2056 1031 testa·
2112 1025 2119 1047 ‚

717 1068 796 1118 uento
819 1061 947 1117 moriens
969 1056 1142 1132 relinquere,
1166 1059 1191 1115 ai
1215 1056 1296 1131 velit,
1318 1060 1422 1132 possit.
2039 1126 2043 1131 ⁴

802 1143 892 1220 Quod
922 1151 1056 1220 superest
1079 1143 1178 1203 Seren.
1203 1143 1339 1203 Vestram
1368 1140 1492 1220 supplex
1520 1160 1606 1220 rogo,
1635 1151 1668 1203 ut
1689 1161 1798 1204 novum
1822 1145 1958 1205 clientem
1981 1146 2056 1204 inter

715 1232 889 1292 haereditatis
920 1239 1018 1308 partes
1049 1229 1178 1308 reliquas
1208 1232 1371 1306 patrocinio
1403 1247 1457 1290 suo
1489 1230 1701 1306 pollentissime
1733 1249 1770 1291 ne
1804 1231 1990 1308 dedignetur,
2026 1239 2057 1291 et

716 1337 809 1378 memor
839 1319 953 1396 gloriae
982 1317 1096 1378 Domus
1124 1320 1313 1391 Austriaoae,
1343 1316 1525 1378 Tabularum
1553 1335 1571 1376 a
1598 1317 1812 1395 Rudolpho
1841 1320 1943 1378 Fratre
1972 1317 1992 1376 l.
2016 1336 2055 1378 ιιι.
2116 1333 2122 1342 ·

716 1407 954 1468 denominatarum
985 1421 1084 1465 eurem
1115 1407 1245 1481 aliquam
1274 1408 1302 1462 iu
1330 1423 1364 1473 so
1393 1406 1521 1469 fraterna
1548 1407 1657 1483 pietate
1680 1408 1839 1484 suscipiat,
1872 1415 1967 1478 certe,
1997 1422 2055 1466 nou

716 1495 788 1554 alium
818 1495 1027 1571 exsequiarum
1057 1493 1198 1553 honorem
1225 1493 1492 1552 convenientiorem
1522 1509 1576 1551 nec
1606 1492 1643 1551 ad
1667 1496 1868 1568 posteritatem
1893 1492 2056 1553 durabilio-

717 1600 761 1641 rem
782 1601 857 1655 ease,
881 1598 971 1661 quam
994 1582 1018 1638 si
1042 1581 1078 1640 de
1100 1580 1205 1640 studiis
1228 1579 1335 1638 divinis
1358 1582 1468 1658 optime
1491 1583 1586 1639 meriti
1609 1576 1788 1641 Munarehae
1810 1597 1916 1640 nomeu
1941 1583 1969 1640 et
1991 1598 2056 1641 me-

719 1671 792 1730 uoria
820 1673 927 1732 studiis
959 1669 1046 1743 ipsis,
1077 1677 1110 1728 ut
1140 1670 1206 1745 ipso
1238 1666 1335 1726 adhue
1364 1668 1521 1744 superstite
1549 1675 1582 1727 ‘et
1608 1669 1790 1744 approbante
1818 1668 1880 1728 fleri
1909 1676 2055 1746 eoeptmn,

721 1761 853 1818 inseratur,
899 1755 1057 1821 Serenitati
1081 1755 1204 1814 Vestrae
1227 1772 1273 1814 me
1297 1753 1423 1813 devotus
1446 1763 1477 1814 et
1499 1754 1724 1814 venerabundus
1747 1754 1928 1815 commendo.

803 1900 975 1961 Scribebam
997 1898 1037 1959 ad
1059 1894 1130 1956 Idus
1153 1885 1252 1970 linias
1274 1894 1343 1954 anui
1362 1894 1455 1954 1619.
1478 1890 1582 1969 bineli,
1606 1893 1763 1974 Metropoli
1780 1895 1916 1956 Austriae
1932 1895 2056 1961 Vestrae

724 1985 974 2063 Supra-Animae.

1168 2283 1400 2361 serenitatis
1437 2282 1594 2361 Vestrae

1348 2571 1352 2579 N
1438 2597 1485 2657 Ad
1518 2597 1663 2673 obsequia
1694 2597 1848 2675 possibilia

1461 2702 1693 2779 subJeetissimua
1717 2719 1820 2762 sersus

1556 3053 1560 3060 ,
1629 2995 1793 3083 loannes
1819 2996 2003 3102 llepierur.
