5575 6342
846 2058 911 2153 rc
944 2056 1282 2155 semiustum
1311 2058 1566 2175 aaronis
1597 2058 1655 2152 ar
1687 2036 1903 2153 coninua

992 2266 1326 2451 DOMINUM
1369 2266 1749 2419 ALBERTUM

1108 2516 1376 2639 racunucnrr
1404 2515 1630 2621 suerrus,

722 2673 809 2739 Dumna
836 2676 1043 2756 Burgundias,
1075 2676 1258 2752 Lathriciae,
1286 2676 1481 2753 Brabantise,
1511 2676 1645 2756 Styriae,
1675 2676 1860 2754 Cerinthiaa,
1884 2680 2050 2757 carniolae,
2167 2666 2173 2673 ⁸

722 2760 855 2840 limburgi,
877 2765 1084 2841 Lucemburgi,
1107 2763 1246 2825 Geldriae
1269 2773 1299 2825 st
1320 2764 1567 2842 Whtemberga03
1592 2764 1736 2825 Comitem
1755 2765 1935 2846 Habeburgi,
1957 2769 2051 2830 Flan-

723 2847 794 2926 driss,
821 2852 955 2932 Tyrolis,
984 2851 1139 2914 Arthcsiae
1161 2861 1191 2913 et
1212 2852 1421 2930 Burgundios,
1450 2852 1619 2912 Palatinum
1641 2852 1831 2928 Hemoniae,
1860 2855 2050 2931 Hellandiae,

722 2934 863 3015 islandiae,
886 2940 1026 2999 Narnurei
1048 2947 1078 2999 et
1099 2940 1299 3016 zutphania03
1322 2939 1523 2999 Marobionem
1546 2938 1612 2999 Sec.
1633 2940 1717 2999 Rom
1732 2941 1866 3019 Imperii3
1888 2943 2050 3005 Dominum

847 3029 970 3103 Frisias,
994 3025 1170 3102 Salinarum,
1192 3027 1381 3106 Mechliniao,
1407 3024 1626 3102 UltraJectinae,
1651 3026 1889 3106 Transisolanae,

1221 3121 1252 3174 et
1273 3112 1443 3191 Groningaa
1462 3123 1517 3177 etc.

1152 3227 1398 3288 Dominum
1433 3243 1582 3287 meum.

1092 3411 1380 3537 serenissime
1421 3401 1647 3500 lrchidur.

799 3575 907 3654 cyclus
936 3575 1040 3637 Lunae
1071 3577 1184 3653 integer
1212 3575 1252 3634 ad
1279 3575 1367 3635 finem
1393 3576 1456 3652 jam
1484 3575 1622 3651 decurrit,
1655 3594 1691 3637 ex
1722 3594 1781 3654 quo
1810 3576 1926 3638 duobus
1953 3577 2049 3656 Impp.

720 3650 889 3741 Rniolpho
912 3663 953 3722 11.
976 3668 1006 3724 et
1025 3662 1208 3724 Matthiae
1222 3663 1258 3737 I.,
1280 3661 1380 3723 Saron.
1396 3663 1479 3723 Vest.
1496 3663 1646 3723 Fratribus
1662 3664 1681 3723 l.
1697 3682 1747 3739 m.,
1771 3682 1891 3741 operam
1906 3668 1936 3723 in
1952 3665 2050 3726 studio

720 3747 899 3811 nahematieo
923 3750 1006 3827 loco,
1029 3750 1159 3828 mihique
1181 3751 1311 3810 vicissim
1333 3751 1363 3809 in
1385 3751 1550 3810 rationibus
1572 3753 1645 3812 meis
1658 3754 1757 3812 currit
1775 3769 1889 3813 eareat
1903 3769 2051 3812 numeros

720 3833 830 3909 stipendii
852 3838 952 3899 aulici.

796 3925 926 3985 Primum
957 3928 1034 3985 enim
1064 3941 1142 3986 anno
1167 3927 1261 3986 1600.
1292 3922 1430 4002 cStyria
1460 3924 1587 4001 Pragsm
1619 3931 1760 3985 evocatus
1782 3944 1801 3986 a
1822 3925 1971 3987 Phoenice
1999 3923 2051 3986 illo

719 4014 931 4073 astronomorum
953 4012 1094 4090 Tychone
1116 4011 1244 4085 Brahco,
1267 4027 1375 4070 annum
1397 4029 1455 4071 non
1479 4012 1606 4089 amplius
1629 4030 1719 4072 unum
1743 4012 1794 4072 illo
1817 4016 1974 4090 superstite
1996 4015 2053 4073 frui

721 4101 791 4172 ptri,
814 4118 880 4161 oum
903 4118 922 4159 a
945 4099 1006 4159 Sua
1028 4098 1187 4176 Majeetate
1211 4098 1241 4157 id
1263 4099 1334 4158 mihi
1356 4101 1485 4159 muneris
1506 4101 1562 4158 luit
1584 4101 1762 4178 impositum,
1786 4109 1819 4160 nt
1841 4100 1972 4160 'l'abulae
1987 4100 2053 4163 Ru·

719 4177 805 4262 delphi,
829 4188 961 4249 desertas
984 4195 1076 4247 morte
1092 4186 1210 4258 Brahei,
1235 4188 1362 4246 auctoris
1385 4188 1440 4260 sni,
1465 4204 1500 4246 ex
1523 4188 1616 4264 ipsius
1639 4187 1903 4261 observationibus,
1927 4187 1982 4248 snb
2005 4189 2053 4246 in·
2172 4250 2175 4259 ,

720 4277 845 4344 emtione
868 4283 899 4335 et
922 4275 1076 4334 directorio
1098 4273 1267 4347 haeredum,
1291 4275 1317 4332 si
1341 4275 1390 4349 qui
1415 4281 1513 4333 essent
1533 4274 1631 4333 idonci
1655 4277 1803 4350 sirachi,
1825 4274 2002 4353 perficerem.

799 4361 878 4438 Quid
901 4380 937 4421 ex
961 4379 996 4421 co
1020 4372 1150 4440 tempore
1173 4360 1221 4420 vel
1244 4363 1274 4418 in
1295 4358 1353 4420 hoo
1376 4377 1479 4437 opere,
1510 4361 1557 4421 vel
1585 4360 1651 4421 aliis
1675 4363 1765 4422 etiarn
1779 4363 1883 4443 ¹titulis
1904 4364 1933 4420 in
1956 4370 2053 4422 astro·

718 4448 794 4507 nomia
819 4450 978 4522 effecerim,
1008 4447 1076 4508 libri
1105 4451 1162 4508 mei
1192 4447 1371 4526 loquuntur,
1405 4463 1479 4524 qnos
1508 4447 1642 4526 legerunt
1663 4450 1720 4507 viri
1742 4451 1772 4508 in
1795 4449 1851 4509 hac
1872 4450 2054 4527 professione

719 4523 873 4610 inanimi,
898 4538 949 4612 qui
972 4536 1021 4596 vel
1044 4534 1142 4596 Saron.
1165 4535 1250 4596 Vest.
1273 4534 1421 4612 stipendia
1444 4545 1570 4610 merent,
1594 4535 1643 4597 vel
1664 4553 1716 4614 per
1738 4536 1813 4596 alias
1834 4528 1931 4613 Belgii
1953 4536 2054 4597 Vestri

717 4625 970 4702 prsnneiarnmqne
992 4618 1204 4683 recensitarum
1226 4623 1314 4682 nrbes
1337 4631 1406 4682 sant
1428 4622 1567 4701 dispersi:
1595 4639 1719 4700 qnomm
1741 4624 1856 4698 aliquot
1877 4622 1969 4684 literis
1990 4625 2054 4700 pri-

718 4711 924 4790 transcriptis
946 4710 1129 4771 familiariter
1150 4726 1265 4771 mecum
1289 4711 1484 4770 contulerunt.
1529 4710 1609 4770 Inter
1631 4717 1742 4786 cetera,
1766 4727 1833 4770 cnm
1855 4726 1932 4769 anno
1958 4712 2052 4770 1607.

718 4805 809 4859 omem
835 4802 1007 4872 exarsisset,
1037 4797 1261 4876 descriptionem
1289 4797 1353 4876 cJus
1383 4799 1609 4856 astronomicam
1636 4796 1709 4872 ieci,
1742 4812 1822 4857 novo
1853 4805 1883 4857 et
1909 4798 2053 4858 hactenns

717 4879 832 4947 hndtato
856 4885 1112 4948 demonstrationis
1134 4902 1241 4962 genere
1265 4903 1344 4944 osus.
1390 4882 1487 4959 Quam
1509 4902 1575 4943 curn
1591 4882 1731 4945 sereniss.
1748 4883 1907 4945 Archiduci
1930 4883 2053 4944 blaxi-
2109 4948 2112 4953 ,

716 4971 869 5051 miliano,
901 4973 1002 5035 Seres.
1029 4973 1113 5033 Vest.
1136 4972 1231 5033 Fratri
1254 4969 1379 5055 (qnippe
1404 4971 1569 5031 admonitus
1591 4970 1629 5030 ab
1653 4971 1718 5047 ejus
1741 4969 1842 5033 Scren.
1866 4970 1953 5032 officii
1976 4967 2052 5055 mel)

717 5051 876 5124 dedicassem
904 5062 1096 5139 Lipsiamque
1127 5062 1255 5120 vicirmm
1286 5062 1317 5118 in
1349 5060 1450 5118 urbem
1481 5060 1642 5131 misissem,
1683 5059 1754 5133 quia
1781 5058 1881 5136 Praga
1914 5062 1994 5138 typis
2023 5067 2054 5120 et
2084 5049 2088 5058 ’
2165 5090 2168 5095 ·

718 5150 794 5218 operis
815 5149 929 5211 idoneis
953 5150 1089 5210 carebat:
1119 5156 1236 5224 tempus
1268 5146 1356 5206 variis
1386 5144 1636 5224 typographorum
1659 5145 1951 5220 tergiversationibus
1974 5145 2054 5225 elap-

718 5244 766 5291 snn
786 5237 895 5297 nnllam
917 5235 978 5297 illis
999 5253 1082 5314 spem
1104 5234 1178 5296 lucri
1200 5234 1328 5311 reliquit,
1351 5235 1452 5310 itaque
1474 5233 1566 5293 editio
1588 5242 1658 5292 tono
1681 5233 1847 5293 intermissa
1867 5234 1931 5292 luit.
