5575 6342
757 2038 759 2043 .
1093 1868 1641 2022 DEMONSTRATIO

730 2145 1113 2271 rrrrrururturr
1143 2152 1202 2265 tt
1227 2150 1523 2266 ruiturus
1547 2150 1768 2267 tomulo
1796 2153 1905 2267 rtur
1929 2152 2050 2267 root.
2131 2084 2135 2091 ’

1202 2399 1288 2447 nova
1309 2387 1343 2446 et
1364 2384 1541 2465 παραδοξος.

1092 2736 1645 2809 Prnoamlsulum.

803 2896 950 2974 Quidquid
973 2898 1143 2959 homiuibus
1165 2899 1202 2958 de
1224 2908 1310 2960 nocta
1333 2901 1409 2961 inter
1431 2900 1527 2960 sidera
1550 2906 1680 2977 appetet,
1704 2916 1756 2958 seu
1777 2900 1909 2976 trajectio
1924 2904 1971 2972 sit,
1994 2900 2051 2960 hoc

726 2986 757 3036 til
771 2985 846 3045 stela
869 2986 1051 3060 discurrens,
1075 3003 1127 3047 seu
1151 2987 1256 3061 muco,
1278 2988 1373 3061 trabs,
1398 2991 1506 3064 virgae,
1530 2987 1658 3060 masma,
1682 2996 1814 3048 cornetae
1837 2987 1965 3061 cundati,
1989 2990 2052 3049 cin-

727 3066 815 3145 donati,
836 3073 990 3150 planetes:
1014 3073 1045 3132 id
1068 3090 1153 3133 omns
1176 3060 1243 3133 visu
1262 3074 1363 3150 jndice
1385 3077 1415 3132 in
1439 3092 1498 3134 una
1520 3082 1549 3134 et
1571 3074 1674 3133 ecdem
1690 3077 1799 3135 extima
1814 3075 1965 3152 superficie
1980 3076 2052 3134 stel-

726 3150 792 3215 latum
819 3159 942 3220 fixarum
977 3165 1071 3221 inesse
1102 3169 1229 3238 putetur.
1274 3161 1351 3221 Nam
1379 3164 1437 3221 etsi
1468 3164 1662 3221 certissimum
1690 3170 1747 3234 cst,
1780 3160 1916 3238 planetas
1936 3181 1955 3221 a
1976 3162 2052 3237 fixis,

728 3236 812 3304 murm
840 3248 1023 3322 sSaturno,
1056 3258 1187 3309 meteora
1214 3250 1307 3324 ignita
1333 3266 1352 3308 a
1378 3249 1505 3327 planetis
1533 3252 1682 3309 immensis
1712 3248 1873 3308 intervallis
1901 3248 2052 3325 distingui,

725 3329 782 3389 mus
810 3342 926 3409 minen,
960 3338 1069 3414 quippe
1103 3335 1261 3395 destitutus
1291 3335 1489 3409 adminiculis,
1523 3337 1561 3397 nd
1592 3335 1782 3396 discernende
1812 3336 1966 3396 intervalla
1997 3341 2053 3396 ista

725 3429 764 3472 itt
781 3421 893 3482 sufficit.

801 3506 856 3568 Hic
880 3526 950 3585 ergo
973 3526 1039 3569 sese
1062 3509 1217 3587 magnifice
1239 3511 1322 3571 effert
1343 3528 1391 3571 ars
1414 3513 1605 3587 geometrica,
1637 3527 1714 3585 quae
1743 3512 1941 3571 astronomiae
1962 3509 2052 3569 ductu

721 3588 909 3655 usublimem
940 3596 1086 3656 aetherem
1116 3597 1302 3670 conscendit,
1334 3601 1433 3658 omnia
1460 3597 1615 3659 interualla
1642 3599 1764 3656 rstiouis
1791 3598 1877 3657 oculo
1905 3597 2052 3676 discernit,

722 3677 801 3741 itinera
822 3682 1006 3760 planetarum
1029 3688 1156 3759 genuine
1180 3687 1301 3744 rimatur
1323 3693 1353 3744 et
1376 3689 1519 3758 emetitur,
1543 3688 1691 3760 totiusque
1711 3684 1787 3744 adeo
1805 3684 1904 3743 mundi
1923 3684 2053 3761 disposi-

720 3763 813 3844 tionem,
837 3781 973 3830 ornatum
996 3780 1026 3830 et
1046 3773 1189 3831 lubricum
1210 3774 1254 3831 sic
1276 3773 1413 3850 explicat,
1436 3790 1472 3832 ao
1494 3775 1518 3832 si
1542 3776 1571 3830 iri
1593 3772 1716 3831 consilio
1732 3772 1789 3831 Dei
1806 3772 1951 3832 creatoris
1966 3774 2050 3833 initio

719 3857 796 3915 titllm
818 3857 989 3919 adstitisset
1036 3860 1081 3918 ric
1103 3859 1227 3919 fixurum
1249 3860 1367 3935 quidem
1391 3860 1613 3937 dispositionem
1635 3864 1782 3936 praeterit,
1806 3868 1875 3919 suut
1889 3863 1966 3920 enim
1982 3860 2051 3918 illue
2100 3870 2103 3875 '

718 3938 852 4005 immensae
884 3945 1063 4017 altitudinis,
1097 3946 1172 4006 adeo
1194 3956 1228 4006 ut
1249 3947 1450 4007 terricolarum
1471 3946 1652 4007 adminicula
1674 3954 1703 4007 et
1724 3946 1824 4007 scalae
1847 3950 2050 4024 geometricae,

718 4043 774 4100 quas
793 4034 822 4089 iu
845 4035 1026 4093 astronomia
1048 4033 1215 4109 parallues
1238 4033 1375 4108 dicimus,
1399 4034 1438 4094 ad
1460 4052 1511 4094 ess
1533 4037 1651 4093 minima
1674 4036 1848 4112 pertingent.
1893 4035 1998 4110 Itaque
2021 4037 2049 4091 iu

717 4112 786 4177 dubio
815 4119 984 4196 relinquunt
1014 4123 1187 4192 mansioni,
1219 4138 1257 4180 an
1289 4137 1390 4181 omnes
1413 4125 1531 4181 omniuo
1553 4122 1629 4181 lixae
1653 4125 1712 4179 sint
1734 4122 1865 4198 eJusdcm
1889 4120 2050 4180 altitudinis

716 4217 854 4282 totumque
884 4215 984 4269 centra
1013 4210 1112 4267 omnin
1136 4210 1164 4265 in
1188 4207 1292 4269 eedem
1313 4209 1467 4287 superficie
1490 4209 1656 4284 sphaerica,
1687 4226 1724 4267 an
1753 4227 1824 4268 vero
1848 4217 1880 4267 ut
1902 4207 2050 4283 quaelibet

716 4290 783 4353 stella
811 4301 920 4373 major,
949 4297 992 4354 sic
1019 4297 1141 4372 propior
1160 4297 1198 4354 sit
1220 4295 1331 4370 Terris,
1362 4314 1399 4355 an
1423 4296 1549 4372 denique
1572 4299 1723 4371 utriusque
1746 4299 1787 4356 rei
1810 4298 1869 4355 sint
1890 4297 2050 4371 permixtae

717 4381 833 4441 rationes.
872 4380 1015 4442 l’lanette
1037 4399 1117 4454 vero,
1140 4400 1231 4458 quum
1254 4383 1412 4442 moderetis
1435 4385 1579 4443 absistant
1593 4402 1612 4442 a
1627 4383 1718 4444 Terra
1738 4383 1900 4442 intervallis
1915 4384 2050 4459 saepius-

717 4479 760 4536 quc
779 4468 898 4529 redeant
920 4468 959 4529 nd
981 4468 1047 4529 loen
1070 4468 1187 4543 eadem,
1219 4473 1270 4546 qui
1294 4470 1403 4531 reditus
1426 4482 1526 4530 eorum
1550 4471 1587 4531 ob
1611 4473 1804 4529 constentiam
1826 4476 1958 4528 motuum
1980 4485 2050 4527 coc·

717 4548 814 4614 larium
836 4557 1001 4634 praesideri
1025 4565 1132 4634 potest,
1151 4557 1213 4633 jum
1236 4574 1301 4617 sese
1323 4559 1466 4636 praebent
1487 4566 1719 4617 astronomorum
1741 4556 2021 4615 ratiocinationibus.

798 4643 975 4721 Neglexernt
1002 4647 1182 4703 mnouomis
1211 4644 1396 4705 Ptolemaica
1425 4644 1591 4722 parallexcs
1620 4661 1748 4717 annuas,
1780 4642 1879 4702 dedita
1912 4642 2050 4719 vulgatae

716 4729 827 4802 opinioni
859 4730 895 4791 de
927 4732 1026 4808 quiete
1048 4729 1175 4791 Telluris
1199 4733 1227 4789 in
1250 4731 1414 4792 meditullio
1437 4732 1537 4791 mundi
1560 4732 1653 4807 deque
1676 4738 1758 4790 motu
1780 4730 1858 4791 Solis
1882 4733 1957 4789 circa
1980 4746 2051 4789 cen-

715 4820 775 4874 irum
797 4819 945 4879 universi:
977 4819 1077 4895 imque
1107 4818 1163 4879 hac
1192 4817 1274 4879 scala
1303 4837 1404 4879 cerens
1435 4820 1590 4897 plurimum
1618 4818 1654 4878 de
1677 4818 1844 4878 circuitibus
1867 4817 2050 4893 planetarum

715 4899 829 4979 ignoret,
859 4904 985 4983 plurima
1009 4923 1163 4983 perperam
1185 4905 1289 4978 tradit,
1319 4904 1453 4983 planetas
1476 4909 1605 4982 quinque
1629 4905 1759 4983 plurimis
1782 4913 1812 4964 et
1834 4907 1972 4963 tortuosis
1994 4906 2050 4961 irn-

714 4987 788 5061 plieat
808 4995 911 5070 spiris,
933 4993 1061 5053 motibus
1084 5010 1121 5052 ex
1144 4995 1306 5055 eceentrieo
1329 5003 1359 5053 ct
1381 4993 1512 5071 epieyclo
1535 4994 1719 5069 compositis,
1745 4991 1869 5068 denique
1892 4995 1941 5049 vix
1965 4993 2051 5049 unius

717 5072 802 5138 lunae
824 5080 1011 5140 intervallum
1034 5089 1063 5140 et
1084 5082 1152 5141 vite
1173 5098 1228 5145 seu
1252 5080 1365 5140 orbitae
1387 5082 1479 5139 iormn
1502 5080 1687 5141 mediocriter
1709 5079 1752 5137 illi
1775 5081 1894 5155 cognitu
1914 5084 1992 5151 sunt,
2015 5093 2051 5135 eo

716 5165 780 5234 quoi
805 5168 886 5227 scala
914 5167 1006 5227 altera
1032 5169 1165 5240 brevior,
1197 5184 1285 5244 quam
1314 5167 1478 5243 purellaxes
1507 5167 1625 5226 diurnas
1648 5164 1848 5244 appellamus,
1878 5165 1916 5224 ad
1936 5164 2050 5223 Lunam
2169 5206 2171 5211 -

718 5257 811 5312 tmtum
833 5258 982 5334 pertingit.
1028 5257 1069 5315 nt
1089 5266 1247 5332 postquam
1272 5255 1466 5333 Copcrnicus,
1490 5255 1603 5331 majora
1625 5271 1724 5328 ausus,
1747 5260 1876 5313 veterem
1898 5250 2051 5330 Pydrsgo·

779 5372 963 5426 saturem
990 5372 1042 5416 vsu
1820 5360 1840 5415 t
