5575 6342
724 769 789 839 366
1211 766 1343 824 chiliadis
1360 768 1593 840 Supplsmsntnm.

828 942 955 998 Vicissim
972 942 1028 998 sint
1044 940 1139 1011 anguli
1159 941 1233 999 cirea
1249 943 1403 1012 quaesitum
1420 944 1464 999 hi:

725 1084 854 1135 Maximus
870 1086 947 1135 trium
1001 1125 1006 1136 .
1044 1122 1050 1135 .
1087 1124 1095 1169 ⁸.
1132 1125 1138 1138 .
1174 1084 1223 1137 80⁰
1257 1085 1283 1136 0¹
1748 1007 1928 1171 Ἥ

723 1154 941 1221 (implementum
959 1158 993 1206 ad
1011 1158 1132 1211 remisere.
1159 1158 1221 1209 100.
1256 1158 1283 1208 0.

1066 1228 1138 1277 Alter
1173 1229 1216 1279 to.
1238 1230 1279 1281 10.
1804 1223 1876 1273 asta

988 1314 1138 1365 Dittsrsntis
1171 1318 1216 1367 2³.
1234 1319 1278 1366 41.
1800 1313 1882 1363 uio.
1918 1311 2020 1361 humma

1039 1384 1141 1435 Tertius
1176 1388 1219 1437 80.
1237 1386 1280 1436 88.

983 1455 1326 1526 nocerinus-effu*
1382 1471 1503 1521 semrom
1539 1463 1661 1535 mesu,
1767 1467 1875 1517 auerso

1029 1542 1132 1594 summa
1167 1546 1211 1595 so.
1247 1547 1272 1595 a.
1517 1537 1562 1590 ar.
1598 1537 1661 1601 ιιι..
1786 1537 1875 1587 rsus

1713 1607 2016 1676 ”semmua

1709 1694 1971 1763 'effinse-Diu.
1988 1726 2036 1760 sun

887 1783 1037 1847 Quaesitum
1055 1787 1122 1837 istus
1159 1789 1203 1839 19.
1222 1789 1264 1840 19.
1530 1787 1557 1836 9.
1576 1782 1654 1846 59¹1.
1762 1785 1875 1836 tianae.
1912 1784 2025 1833 semissis.

826 1907 924 1985 Atque
954 1908 1029 1971 haee
1061 1909 1097 1970 de
1126 1907 1345 1988 obliquaugulis
1369 1915 1398 1968 et
1419 1910 1450 1966 in
1474 1907 1641 1967 universum
1665 1905 1701 1967 de
1722 1907 1896 1983 sphaericae
1919 1905 2057 1982 superficiei

723 1996 876 2072 triangulis
910 1996 1091 2071 currilineis,
1128 2016 1205 2075 quae
1236 1999 1396 2057 formentur
1425 1995 1550 2055 arcubus
1582 1994 1754 2054 circulorum
1788 1996 1988 2054 maximorum.
2022 1992 2063 2050 lie

719 2081 877 2145 rectilineis
902 2101 970 2146 vero
995 2086 1156 2165 triangulis,
1180 2104 1233 2147 seu
1250 2102 1326 2163 quae
1348 2085 1508 2144 formantur
1530 2082 1559 2140 in
1580 2081 1733 2159 superficie
1755 2081 1862 2160 plana,
1886 2083 1979 2158 capite
1999 2095 2068 2138 rouo

719 2179 832 2246 agetur.

1245 2351 1439 2425 CAPUT
1466 2350 1549 2423 viii.

747 2480 794 2563 lie
831 2482 1029 2587 copulatione
1063 2487 1228 2569 coluuuue
1263 2486 1408 2585 sinuum,
1443 2507 1501 2565 seu
1538 2504 1737 2563 numerumn
1770 2480 2032 2564 ahsolutonmci

1155 2590 1322 2672 columnae
1347 2590 1637 2694 Logarithmorun.

1207 2885 1506 2953 oPRAECEPTUM
1529 2886 1554 2948 l.

831 2998 1065 3076 logumtdmum
1089 3018 1246 3076 excerpere
1268 3009 1450 3061 accuratum
1472 3003 1595 3059 numeri
1616 2999 1786 3075 impostori
1803 3004 1963 3076 proposita

821 3118 884 3179 Etsi
908 3123 1052 3186 rensoime
1077 3130 1122 3182 est
1146 3140 1219 3201 opue
1243 3132 1325 3183 tauta
1346 3121 1582 3199 scrupulositate,
1610 3122 1725 3197 quoties
1748 3129 1846 3181 tamen
1871 3130 1916 3182 est
1938 3138 2014 3198 opus,
2033 3116 2070 3178 dt

720 3225 772 3285 per
793 3224 875 3285 prop.
900 3215 951 3268 at.
974 3209 1160 3269 corollarium
1184 3218 1212 3271 3.
1236 3213 1265 3269 iu
1287 3211 1366 3270 hunc
1388 3210 1517 3269 modum.

819 3295 968 3372 Propositi
991 3300 1103 3358 nuuoeri
1120 3298 1283 3374 scrupulosi
1307 3314 1474 3359 excesseum
1497 3313 1585 3373 super
1606 3295 1763 3356 rotundum
1779 3295 1923 3357 chiliadis
1945 3297 2063 3373 proxime

715 3384 855 3443 minorem
879 3385 1031 3456 continuo,
1061 3388 1204 3461 appositis
1228 3403 1329 3445 versus
1352 3384 1481 3445 dextram
1504 3393 1617 3461 septem
1640 3383 1774 3463 cyphus,
1808 3386 1852 3443 sic
1874 3387 2062 3444 continuatum

715 3469 814 3529 divide
836 3488 888 3546 per
910 3470 987 3529 hunc
1009 3473 1104 3546 ipsum
1131 3475 1262 3549 proxime
1285 3478 1440 3546 minorem,
1476 3471 1660 3531 elaboratum
1682 3481 1778 3531 tamen
1801 3472 1883 3547 prius
1906 3489 1958 3532 seu
1980 3471 2059 3530 couti·

714 3567 836 3617 nuatum
853 3575 904 3634 per
921 3574 1008 3617 unam
1024 3560 1142 3636 iusuper
1159 3558 1205 3620 vel
1222 3560 1295 3620 duas
1312 3561 1419 3635 figuras
1435 3557 1632 3636 scrupulosas,
1649 3575 1725 3634 quae
1741 3561 1912 3618 contineant
1927 3556 2057 3618 dimidium

715 3645 836 3704 duarum
866 3648 1024 3721 primorum
1055 3646 1210 3722 figurarum
1243 3665 1396 3720 excessus,
1431 3646 1478 3705 vel
1508 3645 1619 3722 aliquid
1653 3649 1785 3723 proxime
1819 3649 1916 3705 minus
1946 3644 2054 3704 dimidio.

715 3732 902 3808 Quotientem
918 3734 1001 3792 auser
1023 3733 1245 3810 ahogarithmo
1267 3735 1305 3793 ed
1322 3735 1431 3793 dictum
1454 3733 1609 3793 rotundum
1624 3737 1756 3809 proxime
1780 3735 1933 3807 minorem,
1955 3732 2053 3793 restabit

715 3818 923 3897 Logarithmus
945 3823 1088 3897 propositi
1111 3823 1284 3899 scrupulosi.

818 3973 1044 4043 Exemplum.
1081 3975 1242 4043 Propositus
1261 3981 1320 4029 esto
1339 3972 1517 4044 scrupulosus
1535 3974 1676 4029 2345078.

715 4070 815 4122 Cluilias
839 4075 941 4122 exhibet
964 4074 998 4122 ad
1019 4074 1154 4122 rotundum

749 4144 866 4203 proxime
884 4145 1004 4193 minorem
1061 4181 1067 4192 .
1103 4181 1110 4194 .
1147 4180 1153 4193 .
1190 4146 1323 4195 2340000
1368 4147 1429 4209 Lug.
1450 4145 1604 4194 14524848.

714 4210 797 4276 Igitur
825 4227 941 4261 excessus
962 4215 1102 4277 scrupulosi
1121 4219 1159 4261 est
1246 4217 1330 4266 0078.
1367 4216 1428 4275 Lug.
1499 4216 1604 4264 24036.
1641 4213 1763 4275 Quotiens
1782 4215 1920 4263 auferatur.

1448 4304 1603 4353 14500100.
1639 4299 1690 4351 llic
1703 4306 1741 4349 est
1756 4301 1931 4360 Logsrlthmus
1943 4297 2042 4364 quasitot

1687 4375 1836 4419 accuratius.

712 4464 741 4512 Ei
761 4471 924 4528 apponantur
941 4466 956 4515 7
976 4466 1103 4530 cyphrae.
1140 4503 1145 4515 .
1183 4469 1383 4530 50780000000,
1497 4464 1600 4519 Divisio
1618 4462 1819 4533 compendiosa.
1857 4467 1944 4517 saiso

713 4534 787 4581 Hunc
806 4535 890 4583 divide
908 4550 953 4600 per
967 4538 1098 4585 inventum
1112 4551 1150 4584 ro·
1855 4537 1943 4587 88488

747 4605 851 4654 tundum
881 4604 1006 4657 chiliadis
1035 4609 1150 4669 proxime
1855 4608 1943 4657 46856
1966 4608 1979 4654 8

748 4676 868 4724 minorem
928 4712 1153 4727 ......
1189 4678 1312 4729 2840000
1803 4677 1942 4745 Ἶςῃ

712 4743 756 4794 sed
775 4742 928 4794 elaboratum
947 4760 993 4810 per
1013 4746 1074 4794 dues
1087 4744 1149 4807 figu-
1873 4767 1941 4817 2371
1965 4764 1979 4812 p

749 4828 788 4862 ras
807 4814 996 4880 significativas,
1016 4831 1080 4880 qrrae
1099 4820 1150 4865 sint
1801 4835 1945 4845 -·-·-

747 4883 879 4933 dimidium
892 4887 922 4934 de
932 4888 974 4947 hd,
986 4888 1075 4950 primis
1086 4887 1149 4935 dua·
1890 4857 1943 4975 ῗὲξ
1965 4923 1978 4970 2

747 4955 794 5003 hus
807 4957 893 5015 liguria
907 4957 933 5004 ln
947 4970 1057 5019 excessu,
1080 4958 1149 5005 scill-
1808 4995 1944 5005 -.

748 5026 902 5087 corporae
957 5063 963 5076 .
1000 5062 1006 5074 .
1041 5062 1047 5073 .
1085 5065 1091 5077 .
1128 5032 1157 5074 ut
1192 5027 1322 5076 nscnsoo.
1909 5016 1980 5135 {⁷³33

1800 5149 1945 5165 Β*

1911 5176 1943 5223 14

1911 5246 1944 5295 14
1966 5244 1981 5291 0
