5575 6342
1005 791 1048 847 Ad
1065 791 1162 848 librum
1175 793 1210 849 11.
1229 790 1443 862 Anti-Tychonis
1460 808 1518 862 cap.
1532 794 1574 850 23.
1587 795 1629 850 21.
1924 799 1988 867 229

635 972 682 1031 cui
706 977 807 1033 tamen
829 973 961 1032 innixum
983 973 1025 1033 ait
1047 971 1122 1032 benc
1145 978 1279 1049 quartam
1301 972 1452 1032 rationem.
1489 973 1527 1033 Et
1548 990 1603 1049 ogo
1626 973 1717 1049 igitur
1738 973 1768 1031 in
1790 977 1987 1052 superioribus

636 1058 853 1135 demonstrari,
884 1078 972 1137 qnam
1003 1063 1100 1138 inepte
1128 1059 1342 1120 claramontius
1372 1059 1481 1119 nodum
1509 1063 1537 1117 in
1566 1063 1661 1136 scirpo
1691 1071 1813 1136 quaerat
1842 1070 1873 1122 ct
1899 1081 1987 1140 quarn

636 1146 745 1206 efficiat
767 1146 856 1223 plane
878 1148 950 1209 nihil
973 1164 1039 1207 cum
1061 1150 1122 1208 suis
1146 1146 1286 1208 cuniculis
1310 1150 1337 1205 in
1353 1146 1518 1224 proruendo
1534 1148 1590 1207 lroc
1604 1148 1802 1223 fundamento,
1826 1155 1987 1211 monstravi

636 1236 734 1308 etiam,
758 1242 905 1309 quatenus
928 1235 984 1295 boc
1006 1235 1195 1295 fundamento
1218 1234 1352 1294 fulciatur
1375 1235 1449 1293 ratio
1472 1237 1536 1307 ista,
1561 1244 1706 1312 quatenus
1729 1246 1846 1313 propter
1868 1246 1934 1298 stet.

741 1322 794 1382 31.
842 1321 979 1398 Quintam
1003 1323 1152 1401 Tyebonis
1174 1326 1316 1383 rationem
1338 1339 1390 1398 pro
1414 1332 1528 1382 cometa
1550 1326 1618 1382 anni
1647 1324 1737 1381 1583.
1761 1342 1911 1385 numerare
1934 1326 1987 1385 de-

637 1408 716 1479 buit,
749 1426 828 1485 quae
850 1428 869 1469 a
891 1409 1072 1471 diversorum
1102 1410 1233 1470 locorum
1262 1411 1425 1469 obseruatis
1456 1410 1569 1468 ducitur
1597 1413 1627 1467 in
1656 1413 1720 1489 ipso
1749 1412 1886 1489 scrupulo
1916 1431 1987 1472 con·

638 1496 833 1555 uenientibus.
874 1498 914 1557 rlt
935 1514 999 1558 eam
1018 1499 1081 1575 jam
1104 1498 1154 1557 iol.
1172 1501 1244 1558 319.
1268 1499 1420 1573 praemisit
1441 1505 1631 1573 numeratque
1655 1506 1787 1574 quartam
1811 1518 1986 1578 sparnacum.

638 1582 802 1643 Audiamus
826 1587 922 1660 igitur,
946 1584 1017 1661 qnid
1039 1586 1253 1646 claromontius
1277 1592 1377 1644 contra
1398 1585 1447 1644 tol.
1472 1592 1544 1644 222.

740 1673 792 1730 32.
831 1672 960 1732 Primum
982 1672 1076 1748 rejicit
1098 1672 1178 1731 illam
1201 1673 1239 1732 ad
1263 1690 1312 1743 ea,
1341 1689 1418 1747 quae
1440 1689 1528 1748 supra
1551 1681 1651 1731 contra
1672 1671 1822 1748 Tyclronis
1845 1677 1986 1736 rationem

637 1757 760 1818 similem
786 1758 934 1839 disseruit,
956 1769 986 1819 et
1007 1761 1131 1836 reperiet
1153 1759 1260 1819 ibidem
1284 1759 1374 1818 lector
1396 1760 1483 1818 etiarn
1506 1767 1619 1818 nostras
1642 1758 1834 1821 detonsiones.

739 1847 791 1905 33.
832 1847 945 1907 Deinde
966 1856 1064 1924 negat,
1089 1846 1266 1922 Landgrarii
1289 1848 1510 1906 observationes
1533 1863 1599 1905 cum
1622 1845 1798 1922 Tycbonicis
1821 1851 1849 1907 in
1874 1851 1985 1909 minuto

636 1936 818 2007 convenisse,
842 1936 913 2010 quia
934 1934 1037 2013 Tycho
1060 1935 1186 1994 latentur
1209 1937 1270 2011 ipse
1294 1932 1456 1992 dissensum
1479 1935 1688 1993 dminutorunr
1712 1935 1739 1991 in
1761 1936 1836 1997 fixis.
1873 1938 1986 1996 Discri-

637 2023 712 2080 minc
738 2037 809 2080 sero
832 2028 875 2081 tot
888 2023 1064 2081 minutorum
1081 2039 1228 2095 concesso,
1252 2037 1337 2098 posse
1356 2020 1518 2097 parallaxin
1536 2021 1629 2079 lunari
1645 2021 1799 2097 aequalem
1814 2025 1983 2084 subsistere.

740 2109 793 2166 34.
832 2109 1006 2185 Ingeniosus
1027 2108 1131 2169 saltam
1155 2116 1200 2168 est
1223 2108 1437 2168 claromontius
1462 2112 1489 2165 in
1514 2112 1655 2167 varietate
1678 2118 1914 2172 commentorum.
1953 2111 1984 2172 Si

637 2193 792 2255 distantiae
814 2214 834 2254 a
854 2196 920 2256 fixis
941 2186 1058 2273 utrique
1080 2196 1259 2273 observatori
1282 2202 1413 2271 repertae
1435 2204 1503 2254 sunt
1526 2195 1654 2266 eaedem,
1679 2196 1748 2271 quid
1768 2201 1831 2273 jam
1854 2200 1891 2259 ad
1915 2216 1985 2273 rem,

636 2280 713 2358 quod
735 2283 757 2339 ii
781 2284 810 2340 in
835 2283 908 2344 locis
931 2284 1052 2343 fixarum
1076 2282 1245 2343 tantundem
1269 2285 1372 2354 etiam,
1407 2281 1519 2343 calculo
1544 2292 1678 2359 peracto,
1711 2286 1740 2342 in
1764 2286 1829 2346 loco
1852 2294 1984 2347 cometae

636 2372 661 2426 in
685 2369 824 2445 ecliptica
847 2370 1005 2433 differunt?
1037 2371 1102 2430 Non
1125 2378 1169 2430 est
1192 2370 1219 2429 ld
1244 2370 1395 2429 discrimen
1419 2379 1550 2429 cometae
1574 2371 1731 2450 proprium,
1753 2390 1810 2431 non
1834 2374 1984 2433 etiamad

635 2458 696 2531 ejus
724 2456 890 2533 parellaxin
919 2458 1065 2518 transferri
1089 2466 1194 2535 potest.
1241 2458 1301 2517 Aut
1323 2457 1461 2531 transfer,
1493 2459 1518 2515 si
1541 2457 1596 2515 diis
1619 2457 1729 2532 placet,
1761 2460 1798 2518 ad
1821 2460 1983 2536 parallaxin

635 2548 762 2621 ipsarum
785 2549 873 2606 etiam
896 2545 1028 2605 fixarum.

736 2632 789 2692 35.
826 2633 926 2693 Tertio
955 2640 1057 2710 negat,
1090 2649 1203 2692 omnem
1233 2631 1413 2691 identitatem
1436 2631 1638 2689 distantiarum
1662 2639 1792 2693 cometae
1815 2652 1834 2693 a
1855 2635 1914 2695 fixa
1938 2636 1984 2695 di-

637 2720 726 2779 rersis
748 2720 779 2776 in
803 2718 876 2779 locis
899 2721 1118 2781 observaturum
1141 2718 1257 2778 adhoc
1280 2718 1421 2791 sufficere,
1444 2726 1477 2777 ut
1500 2726 1613 2778 cometa
1635 2719 1776 2796 parallaxi
1801 2730 1907 2782 careat.

736 2806 788 2864 36.
826 2806 962 2869 Concedo
985 2825 1042 2866 non
1067 2824 1195 2867 omnem:
1227 2817 1258 2865 ut
1280 2823 1374 2882 neque
1399 2807 1492 2865 omnis
1515 2805 1655 2864 distentia
1676 2809 1767 2865 servit
1790 2811 1983 2870 exstruendae

635 2892 718 2953 simul
740 2891 917 2969 longitudini
941 2904 972 2955 et
994 2893 1142 2953 latitudini
1165 2902 1305 2953 cometae.
1344 2894 1382 2952 Ar
1406 2894 1455 2952 ubi
1480 2900 1523 2952 tot
1538 2897 1804 2970 comparaverimus
1819 2896 1981 2973 distantias,

636 2987 703 3056 quot
723 2980 874 3041 sufficiunt
894 2980 1074 3042 definiendae
1088 2980 1263 3056 longitudini
1279 2988 1308 3040 et
1322 2979 1486 3052 latitudini,
1510 2989 1578 3039 tnnc
1593 2979 1700 3039 sufficit
1714 2981 1852 3042 identitas
1868 2984 1981 3060 irarum,

594 3104 600 3111 -
637 3086 667 3128 ex
688 3066 814 3127 duorum
837 3069 967 3129 locorunr
991 3069 1136 3129 distantiis
1159 3075 1313 3139 exstructa,
1337 3067 1374 3126 ad
1398 3067 1601 3144 abnegandam
1624 3067 1794 3143 parallaxin.

735 3161 788 3216 37.
820 3155 931 3231 Quarto
954 3156 990 3216 ad
1013 3156 1199 3216 retractiones
1215 3157 1344 3232 confugit
1360 3155 1469 3232 Scipio.
1500 3158 1583 3214 Acin
1602 3164 1715 3216 cometa
1730 3157 1786 3216 boc
1800 3160 1869 3216 anni
1890 3164 1981 3221 1585.

635 3241 912 3317 arelractionibus,
943 3243 1006 3319 jarn
1039 3252 1100 3302 tum
1132 3243 1307 3321 exploratis,
1340 3246 1436 3301 minus
1468 3250 1512 3301 est
1544 3243 1681 3319 periculi,
1716 3260 1804 3319 quarn
1835 3248 1863 3303 in
1894 3248 1980 3323 priori

636 3331 697 3387 anni
724 3331 817 3404 lbi'l,
841 3338 911 3391 tunc
932 3332 970 3391 lis
991 3330 1119 3391 nondum
1143 3336 1244 3391 exacta
1266 3333 1434 3408 perspectis.

734 3418 787 3478 38.
821 3418 950 3478 'lantum
974 3436 1039 3478 cum
1062 3418 1183 3479 dixisset
1205 3417 1313 3496 Scipio,
1337 3418 1374 3478 ad
1399 3424 1559 3476 extremum
1582 3435 1614 3477 se
1636 3419 1731 3494 ipsum
1746 3420 1892 3497 increpat:
1916 3438 1981 3480 cum

636 3502 732 3581 Tyrbo
755 3522 815 3565 non
837 3507 936 3566 omnia
957 3508 1146 3584 expresserit,
1170 3523 1245 3581 quae
1269 3505 1307 3564 ad
1330 3503 1547 3580 dijudicandum
1571 3507 1760 3582 requirantur,
1784 3508 1889 3567 trustra
1911 3525 1980 3585 ergo

635 3610 662 3651 se
680 3590 823 3667 judicare.
872 3594 1029 3670 Exspectat
1052 3595 1138 3671 igitur
1161 3593 1318 3653 editionem
1342 3593 1589 3652 observationum.

732 3686 784 3741 39.
825 3680 930 3741 Adhuc
959 3683 1047 3759 igitur
1076 3688 1190 3741 cometa
1221 3681 1288 3740 anni
1320 3684 1412 3743 1385.
1444 3680 1474 3736 in
1508 3679 1590 3741 coelo
1623 3690 1667 3740 cst
1696 3688 1726 3740 ct
1756 3681 1980 3755 claramontius,

635 3765 738 3842 bostis,
772 3769 1019 3828 existimationem
1052 3768 1223 3828 eruditionis
1252 3785 1322 3827 suae
1352 3771 1564 3827 astronomicae
1593 3768 1697 3827 trustra
1726 3770 1756 3825 in
1786 3769 1841 3828 lroe
1872 3768 1980 3828 bellum

636 3854 773 3932 impendit
794 3855 987 3933 repulsosque
1009 3855 1078 3915 hine
1099 3855 1137 3915 ad
1159 3856 1249 3916 alium
1273 3861 1416 3915 cometem
1437 3857 1549 3914 transit.

929 3992 970 4059 td
994 3992 1089 4075 eaput
1111 3993 1158 4059 33.
1185 3993 1236 4059 lol.
1260 3992 1328 4058 331.
1352 3995 1382 4057 et
1405 4006 1472 4074 erp.
1496 3992 1544 4058 21.
1569 3991 1590 4057 l.
1614 3989 1685 4058 336.

733 4122 760 4173 1.
799 4113 874 4173 Cum
903 4114 939 4174 de
969 4124 1083 4176 cometa
1111 4119 1179 4177 anni
1206 4123 1298 4180 1590.
1328 4117 1429 4196 Tycho
1458 4117 1600 4178 solemnia
1626 4124 1771 4193 proponat
1798 4126 1979 4193 argumenta,

635 4200 844 4261 Glursmontius
868 4203 956 4262 etiam
972 4201 1151 4264 solemnibus
1167 4223 1202 4265 aa
1220 4206 1407 4266 futilitatibus
1421 4205 1545 4279 allatret,
1569 4222 1675 4280 operae
1691 4205 1814 4280 pretium
1829 4224 1875 4291 mc
1890 4206 1979 4265 luisse

633 4289 772 4348 iacturum
789 4292 901 4350 censeri
916 4307 1042 4365 possem,
1065 4294 1090 4351 si
1107 4301 1260 4369 utrumque
1275 4301 1417 4353 cometam
1433 4295 1661 4369 conjunxissem,
1685 4294 1741 4350 nisi
1756 4309 1865 4352 morem
1881 4311 1980 4369 gerere

635 4374 801 4436 adversario
825 4377 949 4454 ejusque
972 4380 1105 4456 vestigiis
1129 4382 1262 4440 omnibus
1285 4382 1419 4440 insistere
1442 4383 1541 4440 statim
1563 4383 1644 4439 initio
1668 4383 1893 4457 proposuissem.

733 4471 762 4524 2.
802 4462 921 4540 Repetit
943 4467 1032 4542 igitur
1054 4469 1137 4526 initio
1161 4468 1324 4544 querelam,
1356 4467 1433 4544 quod
1457 4468 1559 4544 Tycho
1583 4470 1727 4526 rationum
1750 4485 1879 4526 summas
1903 4485 1979 4526 nun-

632 4552 791 4628 cupsvertt,
814 4551 1015 4631 fundamenta,
1037 4554 1076 4614 ab
1098 4556 1351 4616 observationibus
1374 4555 1517 4628 desumto,
1541 4556 1668 4614 omberlt
1691 4557 1778 4631 inque
1801 4554 1881 4613 aliud
1905 4562 1980 4615 tem-

631 4657 683 4715 pns
707 4639 849 4713 reJecerit.

732 4725 848 4801 Repeto
886 4743 942 4802 ego
979 4729 1194 4790 excusationem
1232 4729 1390 4806 Tychonis.
1442 4728 1562 4806 Scripsit
1598 4737 1627 4788 et
1663 4727 1795 4804 vulgavit
1833 4730 1981 4805 epistolas,

632 4812 657 4869 in
685 4812 796 4888 qnibns
824 4812 996 4890 plerumque
1019 4815 1084 4892 plus
1108 4834 1171 4876 essa
1193 4815 1270 4876 solet
1292 4816 1552 4892 significationum,
1583 4834 1669 4892 quam
1693 4814 1980 4890 demonstrationum,

632 4902 703 4975 qnia
715 4899 862 4977 epistolae
878 4900 1022 4961 brevitate
1036 4903 1175 4979 gaudent,
1191 4906 1220 4962 in
1237 4904 1532 4964 demonstrationibus
1549 4903 1676 4962 taedium
1693 4904 1823 4963 abundat
1837 4904 1980 4965 lectionis.

633 4987 667 5046 Et
689 4994 800 5047 tomum
824 4987 942 5063 quidem
966 4989 1020 5049 ΙΙΙ.
1044 4990 1336 5068 Progymnasrnatum
1360 4992 1396 5051 de
1420 4994 1539 5052 cometis
1562 4990 1679 5067 reliquls
1703 5009 1760 5050 non
1783 4993 1918 5069 porlccit,
1950 5002 1981 5052 at

633 5075 854 5135 obsanctiones
881 5084 1011 5137 cometae
1040 5079 1108 5135 unni
1139 5081 1231 5138 1590.
1262 5087 1377 5139 exstant
1404 5096 1576 5158 possemque
1606 5097 1656 5139 cas
1684 5079 1732 5138 hic
1759 5083 1896 5152 inserere,
1927 5080 1979 5139 sed

633 5170 772 5239 praestat,
796 5161 1027 5223 claramontium
1050 5174 1218 5241 exspectare
1242 5165 1400 5228 editionem
1424 5168 1658 5226 observationum
1683 5169 1819 5228 omnium.

737 5256 767 5313 3.
805 5248 941 5320 Secundo
969 5248 1035 5313 loco
1063 5262 1205 5337 provocat
1227 5253 1326 5331 Scipio
1353 5254 1391 5314 ad
1418 5254 1579 5319 solutiones
1600 5274 1671 5321 suas
1691 5258 1819 5334 priores3
1850 5269 1978 5333 provoco
