5575 6342
1107 726 1167 784 Lib.
1185 728 1207 784 1.
1245 727 1373 785 comeus
1390 729 1454 785 anni
1472 728 1550 785 1618.
1587 730 1676 801 caput
1694 732 1743 787 nt
2042 735 2104 803 103

743 906 934 969 deflectentes
968 907 1036 969 ideo
1066 915 1198 970 comatae
1227 911 1281 969 iter
1312 925 1414 969 versus
1444 906 1562 968 Libram
1593 915 1621 969 et
1655 908 1799 969 Cancrum
1831 930 1850 970 a
1882 915 1995 972 tramite
2024 922 2104 976 recto

742 994 898 1057 deflectere
912 994 1167 1057 demonstraretur.
1207 997 1269 1057 Etsi
1294 1014 1361 1056 voro
1384 995 1552 1070 trajectoria
1573 1012 1631 1054 non
1655 1007 1701 1056 est
1716 998 1794 1071 PIK,
1819 999 1871 1059 sed
1885 997 1979 1074 ΝΟ,
2003 1009 2101 1063 tamen

742 1082 839 1143 adhuc
855 1086 1051 1143 communicat
1066 1100 1132 1144 oum
1144 1080 1224 1157 PIK,
1242 1102 1307 1144 cum
1322 1101 1379 1159 qua
1394 1092 1439 1143 est
1455 1082 1492 1141 ad
1507 1083 1585 1142 idem
1599 1083 1676 1143 Solis
1691 1084 1778 1157 lotus,
1796 1086 1899 1145 eadem
1915 1086 2102 1151 inclinatione

741 1169 777 1229 ad
799 1172 857 1230 iter
872 1170 982 1233 Terrae
1004 1188 1041 1230 es
1055 1179 1147 1248 parte.
1185 1172 1289 1231 Potius
1306 1173 1393 1249 igitur
1408 1171 1457 1230 hic
1473 1178 1518 1230 est
1533 1169 1732 1231 adhibendum
1755 1174 1795 1233 th.
1811 1173 1936 1248 XXIX,
1960 1179 2030 1252 quia
2045 1174 2100 1237 ΔΟ

741 1258 909 1333 trajectoria
939 1266 1021 1319 secet
1049 1261 1104 1319 lter
1133 1260 1240 1319 Tenue
1270 1259 1313 1317 ID
1346 1261 1374 1317 in
1407 1258 1434 1318 N
1466 1258 1575 1335 angulo
1607 1278 1729 1335 magn03
1764 1278 1854 1336 quaro
1885 1264 1939 1323 iter
1970 1272 2101 1325 cometae

739 1362 895 1423 apparens,
916 1344 1062 1422 siquidem
1085 1364 1154 1407 vers
1168 1347 1302 1422 trajectio
1317 1353 1415 1406 servet
1428 1364 1514 1406 snum
1529 1349 1678 1423 proprium
1694 1347 1942 1409 decrementorum
1958 1351 2098 1427 ordinem,

738 1435 904 1494 necessario
927 1434 959 1493 tt
983 1442 1162 1508 tortuosum,
1185 1442 1215 1495 et
1238 1436 1376 1507 vicissim,
1402 1437 1471 1511 quia
1494 1442 1658 1493 tortuosum
1680 1435 1735 1493 luit
1757 1438 1811 1495 iter
1835 1446 1976 1512 conretae,
1999 1442 2098 1516 posita

738 1520 888 1583 rectilinea
902 1528 932 1581 et
954 1521 1089 1581 ordinata
1104 1522 1285 1598 trajectione,
1308 1523 1448 1598 sequitur,
1472 1521 1592 1581 Terram
1609 1523 1719 1581 moveri
1743 1530 1823 1584 motu
1840 1523 1944 1584 diurno
1967 1526 2099 1586 sensibili

738 1606 772 1670 ad
795 1609 988 1686 trajectiones
1011 1618 1142 1669 cometae
1167 1608 1296 1670 diurnas.

818 1819 1015 1881 &maaria
1037 1818 1073 1878 de
1096 1818 1266 1889 altitudine,
1289 1818 1361 1891 loco,
1385 1824 1472 1877 motu
1493 1826 1521 1877 et
1543 1818 1644 1877 cauda
1667 1826 1798 1878 cometae
1820 1821 1898 1877 amni
1920 1821 2005 1882 1618.

842 1960 887 2019 Ex
910 1958 956 2018 his
979 1960 1067 2035 igitur
1087 1960 1229 2034 sequitur,
1253 1966 1398 2018 cometam
1416 1960 1491 2017 inter
1512 1959 1595 2016 initia
1617 1957 1707 2017 luisse
1730 1956 1827 2016 medio
1850 1958 1910 2017 iere
1933 1958 1999 2019 loco
2024 1962 2097 2021 inter

742 2047 838 2107 Solem
861 2054 893 2106 et
915 2046 1049 2119 Terram,
1074 2045 1170 2106 decies
1195 2045 1326 2105 altiorem
1350 2063 1437 2122 quarn
1461 2044 1559 2119 Luna,
1583 2045 1743 2105 secundum
1765 2045 1904 2105 usitatam
1929 2049 2096 2122 opinionem

741 2135 770 2195 de
798 2133 957 2194 altitudine
980 2133 1098 2208 Lunae,
1130 2132 1183 2194 sed
1212 2132 1372 2192 secuudum
1401 2150 1482 2192 meas
1510 2132 1694 2208 conjecturas
1724 2132 1812 2209 plane
1839 2135 1944 2192 tricies.
1991 2134 2095 2213 ltaque

740 2221 899 2298 parallaxin
922 2237 982 2280 non
1005 2221 1144 2296 maj0rem
1167 2221 1284 2279 minutis
1305 2222 1332 2291 6,
1359 2220 1408 2287 vel
1428 2220 1589 2280 seeundum
1612 2237 1659 2279 me
1682 2222 1801 2279 minutis
1826 2223 1844 2278 2
1869 2220 1965 2282 lacere
1987 2227 2093 2299 potuit.

741 2309 832 2369 Prima
854 2310 945 2385 igitur
967 2306 1018 2367 illa
1038 2309 1222 2385 apparitione
1244 2308 1299 2367 luit
1322 2311 1350 2365 in
1373 2311 1470 2385 spatio
1493 2307 1589 2367 medio
1614 2309 1688 2366 iuter
1711 2308 1795 2367 orbes
1814 2308 1937 2368 Veneris
1961 2318 1990 2370 et
2012 2310 2094 2371 Mer·

741 2400 814 2470 curii,
839 2396 921 2474 quod
944 2395 1100 2457 octaddron
1123 2396 1541 2470 lacit(cir.v01.v.p.2to);
1565 2393 1631 2454 inde
1654 2393 1768 2470 trajecit
1791 2395 1945 2470 sphaeram
1969 2398 2093 2459 Veneris

740 2492 835 2559 etam,
858 2483 988 2561 spatium
1010 2485 1083 2543 inter
1100 2483 1221 2542 Veneris
1244 2490 1273 2541 et
1288 2480 1416 2541 Telluris
1439 2483 1524 2544 orbes
1543 2491 1645 2553 totum,
1670 2500 1731 2558 qua
1752 2482 1922 2541 icosabdron
1948 2484 2088 2562 tonditur,

740 2571 889 2649 sphaeram
903 2570 1030 2631 Telluris
1053 2578 1144 2631 totam
1167 2571 1243 2629 circa
1266 2571 1317 2629 91.
1335 2570 1417 2643 Dec,
1440 2572 1569 2647 spatium
1590 2572 1665 2627 inter
1679 2568 1805 2628 Telluris
1828 2578 1857 2631 ct
1879 2569 1983 2631 Martis
2006 2574 2091 2634 orbes

740 2668 837 2731 totum,
862 2676 923 2735 qna
938 2657 1138 2718 dodeea'c'dron
1155 2664 1215 2729 est;
1239 2656 1342 2715 Martis
1358 2655 1484 2733 denique
1508 2658 1607 2718 orbern
1624 2664 1717 2715 totum
1741 2660 1894 2733 evasitque
1910 2660 1939 2715 in
1962 2663 2092 2737 spatium

739 2748 805 2807 inter
827 2745 956 2806 Martem
979 2753 1008 2805 et
1028 2744 1146 2818 Jovenr‚
1170 2761 1230 2820 qun
1253 2743 1416 2805 mareoten
1442 2752 1500 2820 est,
1531 2746 1702 2818 streames,
1726 2751 1758 2802 ut
1782 2745 2030 2822 perpendicularis
2054 2766 2092 2807 ox

739 2843 846 2895 comete
864 2838 893 2893 in
917 2834 1099 2910 apparitione
1117 2832 1220 2893 ultima
1242 2832 1370 2891 demisso
1393 2834 1420 2891 in
1436 2833 1556 2909 planum
1580 2833 1732 2907 eclipticas
1757 2832 1873 2891 coderet
1895 2832 1993 2894 adhuc
2015 2837 2091 2896 intra

736 2924 879 2999 regionem
901 2921 991 2981 sinn
1014 2920 1199 2997 adscriptam.
1250 2968 1253 2975 ,

834 3010 910 3069 Cum
938 3015 1036 3068 autern
1065 3007 1161 3069 medio
1189 3008 1380 3085 apparitionis
1410 3016 1540 3083 tempore
1568 3025 1625 3066 non
1650 3008 1744 3066 iaetus
1766 3010 1805 3067 sit
1827 3007 1979 3082 humilior,
2010 3010 2090 3086 quod

735 3114 815 3157 veras
839 3098 966 3156 visorias
988 3096 1046 3169 Bo,
1071 3096 1124 3169 Er,
1149 3093 1217 3169 Gor,
1241 3095 1291 3155 Do
1311 3098 1434 3169 attinet,
1463 3095 1587 3154 caudam
1620 3112 1689 3154 vero
1719 3094 1767 3155 dio
1798 3098 1825 3154 9.
1850 3096 1922 3157 Dec.
1952 3096 2089 3159 habuerit

734 3183 892 3263 longiorem
916 3186 1057 3261 ipsasua
1080 3183 1260 3243 distantiae
1283 3182 1388 3253 Terra,
1420 3190 1453 3239 ut
1476 3183 1682 3260 epichiremate
1706 3181 1744 3240 ll.
1776 3181 2004 3243 demonstratum
2028 3194 2086 3244 cst:

731 3275 862 3348 sequitur
893 3272 995 3348 igitur,
1030 3269 1152 3331 caudmn
1180 3288 1211 3330 re
1242 3288 1312 3330 uera
1341 3270 1466 3330 crevisse
1494 3269 1685 3345 longitudine.
1731 3270 1801 3328 Erat
1830 3273 1905 3331 enim
1936 3274 1964 3328 in
1993 3276 2087 3348 prima

730 3361 913 3437 apparitione
941 3358 1033 3417 multo
1066 3358 1229 3417 inclinatior
1259 3357 1410 3433 multoque
1437 3356 1544 3417 Terrae
1574 3360 1692 3434 propior
1721 3356 1831 3432 (cauda
1861 3361 1995 3433 inquam,
2027 3378 2086 3419 non

729 3455 815 3526 eaput
838 3448 953 3524 ipsum)
976 3463 1064 3522 quam
1088 3448 1117 3506 9.
1141 3445 1329 3519 Decembria;
1354 3462 1431 3520 quae
1454 3462 1523 3505 vero
1546 3447 1691 3522 propiora,
1716 3445 1842 3520 majores
1865 3445 1988 3522 angulos
2012 3449 2099 3507 sub·-

729 3533 861 3595 tendunt.
901 3533 1008 3608 Quare,
1031 3534 1057 3591 si
1081 3531 1183 3593 eadem
1204 3532 1307 3593 inisset
1328 3531 1482 3609 longitudo
1505 3531 1618 3593 caudae
1641 3534 1670 3589 in
1685 3534 1835 3609 principio,
1861 3551 1936 3608 quae
1954 3540 1983 3592 9.
1999 3534 2083 3609 Dec,

728 3630 862 3700 spectata
885 3620 989 3680 inisset
1009 3618 1190 3695 longitndine
1205 3619 1281 3680 ultra
1297 3616 1363 3693 90⁰,
1387 3623 1458 3695 quia
1473 3627 1501 3680 9.
1519 3621 1591 3680 Dee.
1609 3620 1665 3678 luit
1678 3619 1861 3695 longitudine
1882 3616 1937 3679 70⁰
1952 3620 1998 3681 vel
2018 3620 2083 3695 72⁰,

726 3718 758 3769 at
779 3712 809 3768 in
832 3708 977 3786 principio
999 3724 1058 3767 non
1073 3707 1148 3768 ultre
1163 3704 1221 3767 23⁰
1236 3708 1284 3768 vel
1302 3706 1358 3767 30⁰
1372 3707 1477 3766 habuit
1497 3707 1622 3767 risibilis
1638 3705 1845 3783 longitudinis:
1870 3714 1980 3767 certum
1996 3710 2083 3786 igitur

727 3806 779 3870 est,
804 3794 931 3857 candem
953 3797 980 3856 ei
1003 3812 1062 3855 non
1085 3802 1197 3855 tantum
1220 3796 1258 3854 ad
1281 3797 1492 3873 apparentiam,
1515 3794 1566 3854 sed
1591 3797 1679 3853 etiarn
1701 3812 1732 3853 re
1756 3813 1826 3855 vera
1848 3798 1983 3855 crevisse.
2016 3795 2082 3856 Hoc

727 3902 798 3945 vero
821 3883 943 3960 pulchre
967 3885 1104 3943 convenit
1125 3900 1191 3942 cum
1216 3882 1267 3941 illa
1289 3884 1455 3953 reiectione,
1479 3899 1566 3958 quarn
1589 3900 1655 3941 cum
1678 3880 1728 3941 alii
1744 3884 1773 3941 in
1789 3886 1971 3958 superiorum
1987 3901 2081 3943 anno-

725 3988 787 4031 rum
811 3972 949 4044 cometis,
973 3976 1034 4029 tum
1056 3971 1120 4047 ipse
1143 3971 1231 4031 etiarn
1254 3973 1283 4028 in
1305 3970 1362 4029 hoc
1385 3969 1523 4029 moderno
1548 3969 1749 4041 animadverti,
1774 3978 1804 4030 ct
1825 3988 1844 4027 a
1867 3986 1925 4046 quo
1948 3969 2081 4047 phaeno-

724 4076 811 4120 meno
834 4065 1014 4118 cometarum
1036 4057 1128 4133 aliqui
1153 4059 1300 4118 veteribus
1323 4060 1466 4129 acontiae,
1491 4058 1579 4117 latine
1591 4057 1693 4132 jacula
1708 4056 1777 4115 dicti
1791 4065 1868 4132 sunt,
1895 4056 1974 4135 quod
1987 4058 2081 4133 jaculi

723 4150 755 4206 in
776 4144 897 4207 modum
921 4145 1079 4206 vibrantur.

829 4232 888 4293 Hic
907 4231 1142 4310 respondendum
1165 4239 1218 4305 est,
1242 4235 1283 4292 ita
1299 4233 1466 4308 petentibus
1488 4232 1592 4292 isaaco
1617 4230 1786 4291 Habrechto
1811 4239 1839 4293 et
1856 4230 1993 4309 Philippo
2009 4233 2080 4292 Mil·

723 4320 795 4396 lero‚
819 4320 1025 4398 philosophiae
1045 4328 1074 4380 et
1089 4320 1251 4380 medicinae
1274 4319 1452 4393 doctoribus,
1477 4336 1598 4395 quorum
1615 4318 1665 4379 ille
1680 4321 1708 4377 in
1723 4319 1826 4379 libello
1842 4319 1877 4378 de
1895 4319 1951 4379 hoc
1966 4310 2081 4381 cometa

721 4409 879 4469 circulares
901 4414 1033 4468 cometae
1056 4415 1153 4467 motus
1174 4407 1301 4483 praefert
1323 4407 1491 4480 rectilineis,
1515 4408 1694 4482 argumentis
1709 4424 1779 4466 usus
1795 4409 1900 4481 topicis
1915 4425 1968 4466 seu
1984 4411 2079 4467 mavis

720 4495 883 4569 rhetoricis,
908 4512 945 4555 ne
966 4495 1080 4556 scilicet
1102 4494 1253 4555 videamur
1276 4494 1311 4554 de
1336 4494 1478 4554 industria
1501 4494 1658 4571 explodere
1680 4493 1765 4567 velle,
1790 4494 1929 4569 quicquid
1953 4514 1971 4553 a
1995 4504 2079 4555 vete-

720 4585 803 4645 ribus
831 4584 984 4644 habamus.
1028 4582 1076 4642 Illi
1104 4586 1180 4643 enirn
1204 4585 1324 4642 terrenis
1346 4582 1512 4642 rectilineos
1535 4589 1631 4641 motus
1654 4583 1865 4655 attribuerunt,
1900 4581 2078 4642 coelestibus

720 4671 892 4746 circularem
917 4680 947 4730 at
969 4686 1023 4729 nos
1045 4678 1200 4747 utrumque
1223 4677 1402 4746 pervertere,
1427 4669 1538 4731 Telluri
1560 4671 1681 4745 ejusque
1704 4670 1837 4745 partibus
1861 4670 1996 4728 omnibus
2020 4673 2078 4728 cir·

719 4759 835 4819 culares
856 4766 965 4831 motus,
987 4766 1127 4831 cometae,
1149 4760 1191 4818 rei
1214 4766 1313 4817 nostra
1329 4758 1510 4818 consessione
1526 4758 1656 4832 coelesti,
1679 4756 1857 4817 rectilineam
1872 4756 2074 4831 trajectionem

717 4845 936 4908 transscribere.
955 4840 999 4926 ¹⁸)

826 4934 918 5011 Atqui
940 4932 1025 4994 iacile
1048 4946 1102 4992 nos
1126 4932 1294 5009 expedimus
1318 4935 1405 4992 armis
1428 4931 1541 4991 iisdem.
1580 4932 1707 4991 Primum
1724 4935 1786 5003 etsi,
1812 4940 1843 4991 ut
1866 4933 1987 4990 cometis
2010 4949 2075 4991 nro-

716 5034 781 5081 tnm
805 5021 987 5083 rectilineum
1008 5021 1150 5098 tribuam,
1173 5037 1268 5096 nequo
1291 5020 1383 5080 libido
1407 5020 1618 5093 munerandi,
1641 5038 1736 5096 neque
1760 5021 1965 5081 convenientia
1986 5020 2074 5095 hujus

716 5110 829 5186 speciei
852 5117 949 5169 rnotus
972 5126 1037 5169 eum
1061 5124 1180 5185 corpore
1204 5108 1384 5183 corruptibili
1408 5117 1515 5179 movet,
1539 5108 1591 5165 sed
1615 5111 1685 5182 quia
1706 5108 1861 5167 multarum
1884 5109 2074 5183 apparentia-

717 5215 783 5257 rum
812 5214 916 5259 causas
943 5195 1094 5258 evidentes
1123 5198 1243 5258 invenio
1273 5198 1301 5252 in
1329 5203 1410 5254 motu
1437 5195 1603 5267 rectilineo,
1637 5212 1711 5273 quas
1734 5199 1761 5253 in
1786 5194 1917 5256 circulari
1941 5202 2073 5255 cometae
